2181 3352
204 146 304 195 106
630 155 846 201 SIGHT
883 156 1203 202 READING
1245 156 1319 200 IN
1359 156 1572 201 LATIN

792 347 1183 397 EXERCISE
1227 347 1416 396 LXXI

200 485 206 492 ·
262 479 497 518 Grammar:
527 476 581 517 A.
611 488 712 531 393,
743 490 796 526 a,
836 475 938 529 406.
995 478 1045 518 B.
1079 487 1174 528 177,
1209 489 1242 525 Ι,
1275 489 1326 530 3;
1373 488 1472 529 217,
1505 489 1538 518 1.
1592 478 1645 519 G.
1674 489 1775 531 340,
1808 477 1844 529 b,
1876 479 1930 520 R.
1958 491 1999 531 13

194 550 294 606 398.
346 552 403 592 H.
431 564 533 603 410,
562 564 603 603 Ι,
641 562 744 604 471.

255 629 489 677 Inflection:
518 627 658 677 orior3
695 628 803 669 avis.

261 705 389 743 Order
411 706 463 753 os
482 706 637 744 words:
666 717 691 744 a
717 703 972 757 dependent
989 704 1195 758 genitive,
1217 705 1366 746 unless
1390 705 1623 760 emphatic,
1644 705 1813 760 usually
1832 704 2002 746 follows

193 778 267 818 the
291 777 412 818 word
436 778 581 818 which
606 779 638 818 it
662 779 807 820 limits.

369 941 495 977 THE
529 941 768 979 COURSE
802 942 879 978 OF
911 942 1037 979 THE
1072 942 1276 981 MEUSE
1309 943 1437 980 AND
1470 943 1596 980 THE
1629 942 1827 980 RHINE

263 1046 407 1091 Mosa
438 1042 652 1105 profluit¹
680 1062 737 1091 ex
769 1055 933 1092 monte
964 1048 1175 1107 Vosego,
1208 1054 1289 1107 qui
1320 1056 1393 1093 est
1426 1048 1472 1092 in
1503 1048 1681 1093 finibus
1713 1049 1999 1108 Lingonum,

192 1136 239 1173 et
264 1136 398 1187 parte
424 1128 632 1188 quadam
660 1144 718 1174 ex
739 1129 914 1174 Rheno
941 1137 1147 1189 recepta,
1170 1145 1294 1190 quae
1321 1131 1586 1190 appellatur
1602 1127 1846 1187 Vacalus,2
1869 1134 2003 1175 insu-

191 1212 289 1253 lam
319 1210 462 1255 efficit
500 1211 791 1256 Batavorum
824 1227 980 1272 neque
1011 1212 1199 1272 longius
1230 1209 1367 1258 inde3
1396 1213 1583 1258 milibus
1615 1228 1846 1273 passuum
1877 1220 2003 1259 octo-

191 1293 322 1352 ginta
353 1293 397 1337 in
427 1287 677 1339 Oceanum
704 1291 892 1340 influit.4
947 1295 1150 1340 Rhenus
1181 1303 1342 1341 autem
1369 1296 1518 1341 oritur
1548 1311 1605 1341 ex
1633 1297 1894 1356 Lepontiis,
1922 1303 2003 1356 qui

192 1375 326 1434 Alpis
361 1376 584 1431 incolunt,
613 1384 660 1421 et
686 1377 830 1436 longo
857 1378 1011 1437 spatio
1037 1393 1122 1437 per
1148 1378 1258 1423 finis
1290 1380 1335 1423 N
1341 1379 1621 1435 antuatium,
1652 1380 2000 1435 Helvetiorum,

195 1458 543 1517 Sequanorum,
596 1459 1030 1516 Mediomatricum,
1082 1461 1413 1513 Tribocorum,
1459 1462 1781 1507 Treverorum
1808 1458 2004 1507 citatus⁵

192 1540 356 1596 fertur,
378 1548 426 1585 et
451 1541 531 1586 ubi
560 1534 757 1587 Oceano
784 1540 1211 1602 appropinquavit6
1230 1543 1276 1588 in
1299 1544 1443 1603 pluris
1464 1541 1656 1589 diffluit⁷
1677 1552 1822 1605 partis
1843 1545 2002 1590 multis

191 1623 561 1683 ingentibusque
581 1624 745 1669 insulis
762 1624 957 1680 effectis,
969 1632 1173 1684 quarum
1192 1641 1302 1686 pars
1319 1641 1496 1686 magna
1517 1627 1673 1672 aseris
1693 1627 2002 1687 barbarisque

191 1706 464 1750 nationibus
495 1706 713 1751 incolitur
739 1706 818 1769 (ex
849 1707 1023 1766 quibus
1055 1716 1167 1753 sunt
1196 1716 1277 1768 qui
1308 1709 1516 1768 piscibus
1543 1717 1686 1769 atque
1713 1717 1814 1755 ovis
1839 1711 2002 1754 avium

191 1794 349 1833 vivere
376 1787 742 1850 existimantur),
771 1789 1027 1849 multisque
1054 1791 1288 1850 capitibus
1314 1792 1361 1836 in
1389 1784 1639 1837 Oceanum
1665 1792 1831 1837 influit.

1180 1888 1258 1931 DE
1289 1888 1459 1933 BELLo
1486 1888 1730 1945 GALLlco,
1760 1889 1845 1944 IV,
1874 1906 1932 1934 10

923 2032 1276 2069 VOCABULARY

377 2130 556 2182 citatus,
582 2143 624 2182 a,
649 2143 742 2182 um,
766 2130 900 2184 swffif
1171 2134 1319 2184 ovum,
1345 2133 1374 2184 i,
1402 2146 1458 2182 n.,
1484 2146 1564 2187 egg

378 2205 549 2258 ingens,
575 2207 787 2257 ingentis,
813 2205 929 2259 lzuge
1170 2208 1287 2259 vivs),
1315 2218 1354 2259 3,
1378 2209 1487 2259 vixi,
1511 2209 1696 2261 victum,
1723 2208 1817 2249 live

377 2281 531 2333 piscis,
555 2282 610 2332 is,
637 2294 709 2331 m.,
728 2280 828 2331 fislc

1002 2393 1199 2431 NOTES

261 2488 276 2514 1
298 2492 481 2538 profluit:
516 2492 830 2540 composition?
941 2491 959 2517 2
979 2495 1179 2531 Vacalus:
1213 2494 1433 2543 predicate
1463 2494 1737 2532 nominative.
1851 2494 1868 2520 3
1888 2498 1999 2533 inde:

193 2558 264 2595 i.e.
287 2561 336 2596 ab
357 2562 508 2597 insula.
624 2559 641 2584 4
662 2562 820 2598 influit:
853 2562 1170 2610 composition?
1284 2561 1300 2585 5
1323 2565 1499 2600 citatus:
1530 2563 1628 2612 give
1655 2564 1685 2600 it
1712 2563 1785 2601 the
1810 2563 1930 2601 force
1957 2563 2003 2601 of

193 2636 247 2660 an
280 2623 451 2661 adverb.
567 2622 584 2647 ⁶
605 2628 966 2673 appropinquavit:
1012 2627 1084 2663 the
1118 2634 1213 2664 root
1246 2628 1280 2664 is
1313 2627 1448 2665 found
1485 2628 1528 2665 in
1563 2627 1636 2666 the
1672 2628 1831 2665 adverb
1863 2640 1998 2677 prope.

192 2687 207 2711 7
229 2690 399 2727 diffluit:
434 2691 748 2739 composition?
