2169 3351
660 146 752 191 DE
793 143 1011 189 BELLO
1051 140 1370 195 GALLICO,
1398 139 1471 184 VI
1867 143 1959 191 141

886 291 1241 330 VOCABULARY

161 393 251 444 ver,
275 391 407 442 veris,
433 403 491 439 n.‚
515 388 681 442 spring
1280 382 1511 431 postp6n6,
1544 391 1582 431 3,
1612 379 1754 430 posui,
1780 378 1968 429 positus,

140 468 322 517 indice,
350 477 388 517 3,
415 466 523 515 dixi,
549 465 709 514 dictus,
735 460 930 514 uppem!
1345 455 1467 495 dcem
1492 454 1578 494 less
1602 453 1859 506 important

164 541 368 592 defectis),
393 540 506 590 bnis,
532 538 578 588 f.,
605 536 752 577 revolt
1284 533 1538 581 suggestus,
1563 532 1631 580 sis,
1657 542 1730 578 m.,
1761 526 1975 567 tribunal

968 664 1165 702 NOTES

235 774 249 800 1
272 779 340 814 ut:
365 775 507 812 notice
526 773 598 811 the
616 771 746 809 mood
764 770 995 819 following.
1110 766 1126 790 2
1148 772 1240 806 hoc:
1268 767 1403 804 refers
1426 773 1468 803 to
1490 769 1651 814 praeter
1670 794 1679 802 .
1702 794 1711 802 .
1733 793 1742 802 .
1761 766 1972 810 Treveres,

168 842 191 878 i.
204 853 239 878 e.
258 840 369 878 their
386 839 585 877 absence.
699 836 715 860 3
736 838 986 874 arbitratus:
1007 846 1219 885 synonym
1235 832 1280 870 of
1293 834 1500 870 existimf).
1614 830 1631 854 4
1652 832 1882 867 Lutetiam:
1902 828 1974 865 the

168 906 347 944 modern
372 905 501 942 Paris.
614 902 631 927 5
652 902 854 940 cenfines:
880 912 1092 952 synonym
1115 898 1160 936 of
1179 899 1402 935 finitimus.
1516 896 1533 920 6
1554 899 1628 933 hac
1649 899 1713 932 re:
1738 894 1810 931 i.e.
1833 897 1882 931 ab
1902 922 1910 931 .
1933 923 1941 930 .
1965 922 1973 930 .

167 972 342 1010 afuisse.

763 1108 1155 1159 EXERCISE
1198 1107 1388 1156 XCIX

239 1246 367 1286 order
388 1246 441 1294 of
458 1246 616 1284 words:
644 1241 689 1281 in
728 1254 815 1294 any
852 1238 1013 1292 phrase
1053 1237 1128 1278 the
1168 1236 1466 1288 determining
1505 1248 1553 1275 Or
1597 1233 1821 1288 emphatic
1859 1230 1981 1273 word

169 1333 320 1364 eomes
343 1318 450 1360 first.

242 1449 507 1490 CAESAR’S
540 1448 818 1486 ARRIVAL
852 1444 1280 1484 DISCONCERTS
1315 1443 1441 1480 THE
1476 1441 1752 1480 SENONES
1788 1440 1916 1477 AND

515 1525 640 1562 THE
673 1521 1013 1566 CARNUTES,
1048 1522 1176 1558 ANI)
1210 1519 1379 1556 THEY
1416 1517 1644 1557 SUBMIT

243 1632 452 1692 Cognite
487 1625 611 1675 eius¹
647 1629 855 1674 adventu
890 1622 1057 1681 Acce,2
1088 1632 1169 1685 qui
1203 1632 1425 1684 princeps
1459 1623 1560 1668 eius
1595 1618 1783 1668 censu-13
1814 1621 1983 1675 fuerat,

174 1717 304 1762 iubet
338 1715 384 1759 in
418 1713 595 1773 oppida
625 1710 977 1756 multitudinem
1013 1714 1282 1754 convenire.
1341 1702 1675 1761 Conantibus?
1707 1704 1985 1764 priusquam

174 1799 220 1844 id
254 1797 376 1844 effici
411 1803 588 1856 posset,
621 1794 791 1839 adesse
828 1794 1077 1837 Remanes
1112 1790 1371 1835 nuntiatur.
1431 1787 1716 1833 Necessarie
1752 1786 1987 1831 sententia

174 1882 412 1927 desistunt
432 1879 712 1938 legatesque
729 1874 1017 1935 deprecandi
1034 1880 1178 1918 causa
1200 1873 1259 1917 ad
1277 1872 1537 1917 Caesarem
1555 1870 1750 1915 mittunt
1769 1888 1777 1925 3
1810 1869 1988 1914 adeunt

176 1980 261 2025 per
281 1963 495 2017 Aedues,
513 1967 718 2021 querum
741 1953 1027 2017 antiquitus⁴³
1042 1964 1144 2001 erat
1165 1955 1210 1999 in
1228 1955 1321 1999 fide
1342 1954 1520 1999 civitas.
1562 1953 1789 1997 Libenter
1809 1952 1990 1997 Caesar

176 2046 451 2107 petentibus
481 2044 664 2089 Aeduis
690 2043 771 2087 dat
802 2041 989 2087 veniam
1016 2033 1498 2096 excusatienemque⁰
1523 2036 1704 2095 accipit,
1732 2035 1860 2095 quod
1894 2050 1991 2079 aes-

179 2138 327 2175 tivum
363 2137 554 2187 tempus
587 2122 831 2170 instantis⁷
866 2124 985 2179 belli,
1019 2129 1116 2167 nen
1150 2116 1468 2181 quaestienis⁸
1499 2134 1605 2164 esse
1641 2113 1992 2163 arbitrabatur.⁹

179 2212 442 2259 Obsidibus
462 2211 705 2269 imperatis
726 2215 918 2253 centum
940 2206 1027 2251 hes
1048 2205 1230 2250 Aeduis
1252 2203 1591 2249 custediendes
1610 2202 1763 2246 tradit.
1808 2201 1991 2245 Eodem

180 2298 421 2343 Carnutes
458 2294 642 2353 legates
680 2291 968 2350 obsidesque
1003 2289 1197 2334 mittunt
1232 2294 1304 2332 usi
1338 2280 1772 2346 deprecateribus¹⁰
1809 2285 1991 2338 Remis,

180 2385 386 2440 querum
421 2384 556 2422 erant
591 2376 637 2420 in
671 2373 909 2429 cliente1513
949 2372 1119 2417 eadem
1154 2371 1316 2416 ferunt
1351 2376 1596 2429 respensa.
1658 2368 1855 2423 Peragit
1889 2381 1995 2411 con-

181 2462 337 2508 cilium
365 2461 546 2506 Caesar
571 2458 852 2518 equitesque
879 2456 1081 2515 imperat
1107 2453 1387 2499 civitatibus.

1201 2550 1279 2594 DE
1310 2550 1480 2594 BELLO
1508 2548 1751 2603 GALL1C0‚
1779 2547 1867 2602 VI,
1898 2563 1927 2603 4

911 2686 1269 2725 VOCABULARY

185 2788 360 2838 adsum,
378 2798 489 2837 esse,
508 2784 590 2835 fui,
606 2808 743 2833 ———,
761 2780 809 2820 be
817 2782 1008 2833 present
1096 2778 1312 2828 aestivus,
1329 2789 1370 2828 a,
1387 2788 1479 2828 um,
1496 2775 1776 2829 ofsnmmer,
1793 2785 2003 2815 summer

186 2865 403 2915 deprecor,
430 2872 464 2911 1,
493 2859 571 2914 beg
590 2859 663 2909 off
1100 2853 1312 2904 custedif),
1339 2864 1379 2904 4,
1406 2853 1485 2904 ivi,
1511 2853 1618 2903 itm,
1646 2849 1796 2892 wasa-lc

187 2940 390 2990 libenter,
418 2934 650 2989 willingly
1101 2930 1320 2981 clientela,
1345 2940 1412 2981 ae,
1438 2927 1485 2979 ᾗ,
1510 2926 1768 2982 protection

187 3015 334 3067 venia,
360 3026 427 3065 ae,
453 3011 499 3063 f.,
523 3009 708 3066 parason
