2186 3352
221 137 281 184 14
643 127 857 173 SIGHT
895 124 1214 170 READING
1253 123 1327 167 IN
1367 121 1579 166 LATIN

854 316 1243 367 EXERCISE
1287 315 1368 364 IX

281 457 514 495 Grammar:
548 452 602 491 A.
629 461 743 503 4057,
783 460 896 501 4103
935 459 1049 499 4123
1088 445 1202 498 4483
1243 457 1340 498 540.
1399 445 1449 485 B.
1479 442 1589 495 2163
1632 442 1798 495 218,1;
1840 454 2007 494 220,1;

212 528 318 577 281;
368 526 527 577 286,1.
592 528 781 577 &401³
828 534 942 576 4073
991 535 1103 577 3993
1153 519 1264 573 266,
1315 532 1423 574 5403
1474 531 1572 573 541.
1642 520 1701 560 H.
1732 517 1845 571 4683
1893 527 2007 570 4773

209 616 310 657 473·
339 617 389 657 35-
430 615 539 656 5222
580 601 827 654 588‚1‚11·

274 683 507 731 Inflection:
536 683 661 729 fitor3
697 677 787 727 vir,
824 675 986 716 multus
1009 676 1265 730 (compare);
1302 676 1362 713 tsi.

274 759 400 797 Order
423 758 474 805 of
492 757 649 795 words:
682 752 727 792 in
758 765 783 792 a
812 751 957 791 clause
988 762 1038 790 or
1067 756 1275 790 sentence
1303 747 1448 788 words
1479 761 1551 788 are
1582 746 1752 801 usually
1779 745 2008 799 arranged,

207 830 323 872 from
348 831 423 871 the
446 828 704 883 beginning,
729 827 775 867 in
799 826 873 867 the
897 824 1026 866 order
1049 824 1097 865 of
1119 824 1233 865 their
1256 822 1542 877 prominence
1565 822 1610 862 in
1635 821 1709 862 the
1733 821 1935 874 thought.

274 905 511 944 Prescribed
532 904 623 942 list.-

514 986 753 1027 verborum
1133 984 1264 1034 plane
1591 984 1661 1021 vis

514 1061 798 1116 cupidissimo
1130 1060 1180 1099 tn
1592 1059 1703 1097 scire

319 1220 670 1259 FAVORINUS
704 1219 884 1257 GIVES
918 1218 1086 1256 GOOD
1120 1216 1354 1254 ADVICE
1387 1215 1591 1253 ABOUT
1624 1215 1750 1252 THE
1782 1215 1897 1253 USE

943 1294 1019 1331 OF
1051 1293 1270 1330 WORDS

277 1396 541 1440 Favorinus
575 1389 911 1454 philosophus1
944 1391 1248 1445 adulescenti,
1276 1398 1493 1435 veterum
1520 1386 1802 1434 verborum2
1826 1389 1872 1434 in
1903 1396 2012 1434 coti-

206 1479 357 1523 dianis
399 1476 698 1522 sermonibus
739 1475 1011 1534 ignotorum
1052 1473 1372 1532 cupidissimo,
1414 1471 1677 1527 “Curius,''
1721 1472 1884 1531 inquit,
1926 1472 2012 1516 “et

208 1560 450 1605 Fabricius
481 1567 529 1604 et
554 1558 899 1611 Coruncanius,
928 1551 1267 1616 antiquissimi3
1291 1555 1388 1609 viri,
1421 1555 1561 1614 plane
1593 1570 1701 1599 cum
1738 1561 1835 1599 suis
1868 1554 2011 1599 locuti

207 1651 330 1698 sunt,
352 1657 509 1701 neque
529 1642 868 1686 Auruncorum
895 1647 977 1684 aut
1006 1639 1285 1684 Sicanorum
1312 1645 1394 1682 aut
1419 1637 1745 1696 Pelasgorum,
1767 1644 1848 1696 qui
1874 1643 2012 1696 primi

206 1726 406 1771 coluisse
430 1717 614 1769 ltaliam
640 1723 874 1777 dicuntur,
897 1722 981 1766 sed
1008 1721 1175 1766 aetatis
1202 1735 1315 1766 suae
1336 1720 1492 1765 verbis
1512 1727 1585 1765 usi
1612 1727 1750 1776 sunt,
1778 1727 1829 1764 tu
1850 1727 2011 1764 autern

207 1815 426 1853 sermone
458 1807 628 1852 abhinc
661 1806 821 1851 multis
852 1812 988 1849 annis
1018 1804 1111 1849 iam
1142 1803 1295 1848 desito
1322 1802 1482 1859 Uteris,
1510 1802 1639 1862 quod
1674 1802 1915 1847 neminem
1941 1809 2011 1847 vis

206 1897 325 1936 scire
357 1899 499 1950 atque
534 1889 804 1947 intellegere
835 1903 957 1947 quae
989 1887 1130 1932 dicas.
1183 1882 1559 1945 Antiquitatem4
1593 1885 1674 1930 tibi
1709 1885 1894 1945 placere
1929 1885 2009 1940 ais,

204 1973 333 2033 quod
364 1973 567 2017 honesta
592 1979 640 2017 et
669 1971 795 2016 bona
821 1978 868 2015 et
893 1969 1112 2015 modesta
1138 1969 1209 2013 sit.
1260 1969 1384 2014 Vive
1410 1975 1525 2028 ergo
1551 1968 1764 2012 moribus
1790 1974 2009 2027 antiquis,

203 2056 397 2115 loquere
414 2055 570 2100 verbis
592 2054 945 2114 praesentibus,
973 2061 1116 2112 atque
1138 2052 1198 2106 id,
1217 2051 1346 2111 quod
1368 2058 1394 2096 a
1413 2051 1534 2096 Gaio
1553 2051 1762 2096 Caesare
1783 2057 2010 2110 scriptum

204 2146 289 2193 est,
317 2138 440 2183 habe
468 2151 658 2196 semper
683 2136 729 2180 in
758 2135 988 2181 memoria
1014 2142 1157 2194 atque
1183 2134 1230 2179 in
1255 2141 1462 2194 pectore,
1490 2141 1543 2178 ut
1568 2140 1815 2192 tamquam
1842 2147 2011 2178 saxum

205 2228 270 2265 sic
296 2220 453 2279 fugias
478 2219 688 2264 insolens
713 2217 962 2263 verbum.''
981 2218 1241 2263 ——AULUs
1273 2217 1499 2263 GELLIUS

931 2359 1284 2396 VOCABULARY

204 2458 474 2508 adulescens,
500 2456 633 2507 entis,
659 2468 731 2505 m.,
748 2453 794 2504 f.,
818 2451 967 2507 youth
1271 2453 1341 2494 ais>
1364 2452 1598 2509 (defective
1622 2451 1757 2507 verb),
1780 2465 1864 2505 say

204 2534 361 2584 sermo,
385 2532 497 2583 onis,
524 2544 595 2577 m.,
622 2530 722 2570 salk
1271 2530 1390 2581 vivi),
1410 2540 1449 2580 3,
1469 2529 1579 2580 vixi,
1599 2528 1781 2579 victum,
1807 2526 1901 2567 live

204 2608 401 2658 ignotus,
427 2619 467 2658 a,
493 2619 584 2659 um,
610 2606 845 2646 unknown
1272 2606 1389 2656 ergo,
1415 2602 1635 2656 therefore

205 2683 350 2734 inquit
372 2681 607 2737 (defective
630 2681 766 2735 verb),
790 2695 896 2734 says
1271 2681 1440 2731 pectus,
1466 2679 1571 2731 oris,
1602 2692 1660 2728 n.,
1692 2677 1851 2728 meast,
1881 2676 2014 2718 lzeart

204 2759 310 2809 0016,
337 2770 375 2810 3,
402 2759 528 2809 colui,
555 2759 716 2809 cultus,
741 2756 885 2797 dwell
904 2756 952 2796 in
1270 2758 1521 2807 tamquam,
1546 2767 1599 2794 as
1622 2754 1674 2807 if

204 2836 347 2885 aetas,
372 2834 478 2886 atis,
502 2832 548 2878 f.,
574 2846 653 2887 age
1272 2842 1445 2882 saxum,
1471 2831 1501 2882 i,
1527 2843 1585 2880 n.,
1612 2830 1715 2870 meh

205 2910 370 2960 desino,
398 2920 436 2960 3,
463 2910 564 2961 sivi,
588 2909 718 2960 situs,
745 2907 874 2948 leave
895 2907 969 2958 off
1273 2906 1483 2958 insolens,
1505 2906 1639 2958 entis,
1666 2905 1880 2945 unusual

203 2986 367 3038 places),
397 2995 434 3035 2,
460 2985 520 3037 ui,
546 2985 676 3037 itum,
696 2983 855 3039 please
