2149 3356
771 137 1003 182 AULUS
1043 135 1341 181 GELLIUS
1459 148 1464 153 ·
1900 141 1962 191 19

213 290 339 327 THE
372 288 721 326 AFFECTION
754 287 883 324 AND
918 286 1203 323 LOYALTY
1234 285 1311 321 OF
1341 285 1377 321 A
1413 285 1661 322 FAMOUS
1696 285 1902 321 HORSE

223 399 390 457 Equus
420 397 679 442 Alexandri
713 397 838 455 regis
872 395 1065 440 nomine
1102 393 1403 452 Bucephalus
1438 392 1539 438 fuit.
1601 393 1676 437 De
1711 391 1804 437 hoc
1840 398 1965 451 equo

152 481 269 526 haec
299 480 530 525 memoria
556 476 723 538 digna¹
749 479 1034 538 accepimus.
1089 476 1187 522 Ubi
1213 483 1410 520 ornatus
1441 483 1543 519 erat
1569 482 1879 534 armatusque
1905 475 1965 519 ad

152 563 397 624 proelium,
425 562 553 607 haud
584 577 813 621 uniquam
844 560 1058 605 inscendi
1089 555 1223 604 sese2
1249 558 1308 603 ab
1335 558 1423 602 alio
1448 557 1536 601 nisi
1562 557 1622 601 ab
1649 564 1762 616 rege
1794 572 1966 616 passus

152 654 237 692 est.
294 640 449 690 Bello3
476 644 642 689 Indico
674 659 782 688 cum
817 643 1029 687 insidens
1063 642 1110 686 in
1144 648 1201 686 eo
1234 640 1506 685 Alexander
1540 639 1753 684 facinora
1787 639 1967 684 faceret

151 729 306 783 fortia,
334 728 381 772 in
412 727 621 772 hostiurn
653 742 864 781 manuni,
892 732 990 770 non
1022 725 1135 769 satis
1167 724 1253 768 sibi
1284 723 1555 782 provide-³115,
1583 722 1790 766 inimisit.
1844 723 1967 767 Con-

151 812 282 856 iectis
307 810 519 870 undique
546 810 592 854 in
612 809 942 854 Alexandrum
969 808 1086 862 telis,
1110 806 1384 851 vulneribus
1411 805 1515 850 altis
1541 805 1588 849 in
1615 812 1796 849 cervice
1823 812 1967 863 atque

151 894 199 939 in
236 894 381 938 latere
419 908 573 952 equus
611 891 861 952 perfossus
896 898 982 935 est.
1045 889 1368 934 Moribundus
1403 896 1566 933 tamen
1600 903 1655 932 ac
1689 902 1840 947 prope
1875 887 1967 931 iarn

152 976 408 1036 exsanguis
435 982 461 1020 e
486 975 654 1020 mediis
684 974 902 1019 hostibus
928 980 1092 1032 regem
1119 972 1332 1017 celeriter
1357 971 1535 1016 rettulit
1562 978 1721 1030 atque,
1751 970 1831 1015 ubi
1857 985 1969 1014 eurn

153 1054 311 1105 extra4
335 1059 429 1104 tela
459 1054 727 1113 extulerat,5
754 1057 913 1102 statim
945 1056 1147 1101 concidit
1178 1063 1225 1100 et
1255 1052 1493 1099 animam6
1518 1053 1787 1112 exspiravit.
1841 1053 1969 1097 Tum

154 1149 237 1187 rex
274 1141 558 1195 Alexander,
594 1147 731 1200 parta
768 1140 869 1185 eius
907 1139 1014 1184 belli
1051 1138 1260 1193 victoria,
1297 1137 1527 1196 oppidum
1567 1137 1613 1180 in
1651 1136 1819 1180 iisdem
1857 1135 1971 1180 locis

155 1224 364 1270 condidit
390 1224 532 1283 idque
558 1223 620 1267 ob
648 1229 757 1281 equi
784 1222 990 1265 honores
1022 1217 1355 1279 Bucephalon⁷
1384 1219 1649 1278 appellavit.

1449 1316 1625 1361 AULus
1658 1315 1886 1360 GELLIUS

886 1498 1238 1535 VOCABULARY

157 1608 418 1658 Alexander,
444 1607 525 1659 dri,
552 1618 626 1655 m.,
652 1603 928 1645 Alei-ander
946 1601 1020 1642 llze
1168 1603 1329 1653 cervix,
1355 1602 1452 1652 icis,
1479 1599 1526 1645 f.,
1552 1599 1662 1640 neck

219 1683 370 1732 Crem,
397 1681 506 1734 king
529 1680 577 1721 of
603 1679 869 1720 Macedonia
1168 1676 1384 1729 perfodif)‚
1417 1688 1456 1728 3,
1491 1675 1598 1728 fodi,
1627 1675 1791 1727 fossus,
1818 1675 1974 1728 pl’erce

159 1759 336 1810 dignus,
361 1770 403 1810 a,
429 1770 521 1809 um,
548 1755 729 1809 ‘worflqv
1230 1750 1426 1805 ffzrozqglz

157 1837 275 1887 orno,
303 1845 337 1884 Ι,
362 1833 497 1887 equis>
520 1836 787 1888 (ornament)
1169 1830 1473 1880 moribundus,
1498 1840 1539 1881 a,
1563 1840 1656 1883 um,
1682 1826 1830 1880 asm'ng

159 1912 293 1963 haud,
319 1913 399 1950 not
419 1913 471 1949 al
489 1907 563 1949 all
1169 1906 1425 1956 exsanguis,
1452 1917 1490 1956 e,
1518 1903 1690 1957 lq'fbless

158 1998 388 2038 umquam,
413 1998 523 2026 ever
1171 1982 1362 2032 concido,
1391 1992 1430 2033 3,
1457 1981 1559 2032 cidi,
1583 2007 1722 2031 ——,
1748 1978 1945 2032 (allapsa

159 2064 382 2114 inscendo,
401 2073 441 2114 3,
461 2063 625 2114 scendi,
643 2063 838 2112 scensus„
860 2063 1024 2099 nmmll
1170 2059 1360 2110 exspiro,
1387 2069 1420 2107 1,
1449 2055 1631 2096 breallee
1655 2060 1736 2095 cml

159 2140 344 2190 insides),
374 2149 411 2189 2,
438 2139 548 2189 sedi,
574 2149 739 2188 sessus,
764 2136 828 2175 sil
848 2137 940 2190 (cm)
1171 2134 1308 2185 paris),
1335 2144 1374 2184 3,
1400 2134 1567 2184 peperi,
1593 2134 1764 2183 partus,
1789 2130 1976 2171 aclas'eve

159 2214 349 2266 facinus,
374 2214 478 2265 oris,
505 2226 562 2263 η,
588 2211 701 2252 a'ced
1172 2211 1322 2260 condo,
1351 2220 1389 2260 3,
1416 2209 1526 2259 didi,
1553 2208 1690 2260 ditus,
1708 2205 1876 2260 finmd

969 2425 1166 2464 NOTES

229 2534 245 2559 1
269 2539 410 2585 digna:
443 2535 644 2574 followed
670 2535 725 2587 by
747 2535 820 2573 the
847 2534 1042 2572 ablative.
1158 2531 1175 2557 2
1197 2536 1312 2570 sese:
1345 2531 1414 2569 for
1439 2531 1512 2569 the
1540 2543 1652 2576 case,
1677 2530 1880 2568 consider
1904 2530 1977 2568 the

161 2601 284 2639 voice
311 2601 356 2639 of
381 2605 578 2639 Inscendi.
691 2599 708 2624 3
728 2603 850 2638 bell6:
886 2611 1073 2636 answers
1102 2598 1175 2636 the
1202 2597 1402 2647 question
1429 2596 1620 2634 “when”
1649 2595 1778 2633 about
1804 2596 1976 2633 faceret.

160 2666 177 2691 4
199 2671 337 2705 extra:
364 2667 476 2705 what
498 2667 604 2704 does
626 2666 699 2704 the
721 2665 838 2703 word
861 2664 1252 2714 “extraordinary''
1276 2662 1433 2700 mean?
1474 2661 1605 2699 What
1631 2661 1665 2698 is
1691 2661 1764 2698 the
1787 2660 1907 2698 force
1935 2659 1980 2697 of

162 2733 234 2770 the
253 2733 417 2783 prefix?
529 2732 545 2758 5
568 2735 796 2771 extulerat:
825 2739 898 2781 get
920 2732 992 2769 the
1016 2731 1220 2779 meaning
1237 2729 1347 2767 from
1366 2729 1438 2766 the
1457 2735 1538 2766 two
1557 2734 1673 2777 parts
1692 2727 1738 2765 of
1757 2727 1831 2765 the
1848 2726 1977 2764 word.

161 2797 178 2823 6
199 2801 393 2837 animam:
422 2812 634 2851 synonym
658 2798 704 2837 of
724 2801 825 2846 vita,
850 2796 986 2835 found
1013 2797 1055 2834 in
1078 2796 1150 2834 the
1175 2794 1358 2844 English
1380 2794 1520 2831 words
1542 2793 1717 2837 “vitalss’
1742 2792 1978 2843 “vitalitys’

163 2862 178 2889 ⁷
199 2867 475 2913 Buceplialon:
503 2865 748 2903 accusative
772 2863 972 2913 singular.

233 2948 428 2986 Observe
451 2948 524 2986 the
547 2961 676 2999 many
696 2947 837 2985 words
853 2945 954 2984 with
976 2944 1164 2996 prefixes
1188 2944 1230 2982 in
1252 2943 1336 2981 this
1360 2954 1543 2993 passage
1566 2942 1650 2980 and
1672 2948 1738 2994 try
1759 2947 1803 2979 to
1826 2940 1979 2979 decide

162 3012 274 3051 what
295 3013 402 3052 each
424 3013 561 3064 prefix
582 3025 744 3052 means.
