2181 3352
220 135 288 181 82
653 140 869 185 SIGHT
907 139 1227 184 READING
1267 140 1340 182 IN
1382 139 1594 183 LATIN

1024 289 1222 326 NOTES

288 397 302 422 1
325 400 480 435 navali:
512 399 629 435 navis
646 401 683 441 -l-
700 398 792 444 alis,
816 397 1042 446 belonging
1061 401 1112 432 lo.
1226 393 1243 418 2
1265 398 1525 443 pestilentia:
1555 396 1736 446 English
1763 396 2025 435 derivative?

218 462 235 488 3
255 465 433 501 diutina:
468 464 535 500 diu
557 467 593 506 -Ι-
613 464 744 508 tinus,
777 474 800 498 a
831 461 932 498 time
967 460 1102 498 suffix.
1216 458 1232 483 4
1257 465 1400 499 casus:
1433 463 1615 499 chauces.
1729 459 1745 484 5
1767 464 2023 510 antiquitus:

220 528 377 566 adverb
402 526 513 564 from
537 530 749 575 antiquus,
778 538 990 577 synonym
1017 525 1062 563 of
1085 530 1223 564 vetus.
1337 526 1354 550 6
1375 528 1416 563 in
1441 529 1665 574 pflblicum:
1682 527 1764 577 for
1773 528 1921 577 public
1941 541 2023 566 use.

219 592 234 617 ⁷
252 596 503 641 desperatis:
519 595 567 630 de
584 597 620 636 -†-
640 595 770 640 spero.
811 591 992 641 English
1011 592 1244 629 derivative
1261 592 1274 628 ?
1384 590 1399 614 S
1421 596 1539 630 ante:
1556 592 1727 629 adverb.
1837 591 1853 616 9
1869 595 2022 631 missu:

218 659 362 696 verbal
385 671 499 696 noun
521 657 632 695 from
653 660 786 695 mitto.
904 655 940 679 1⁰
957 660 1029 695 ad:
1060 671 1173 694 near.
1288 656 1320 681 11
1339 659 1570 706 navigium:
1602 670 1813 709 synonym
1829 657 1874 696 of
1889 661 2022 696 navis.

219 722 254 746 12
277 726 578 772 perseveravit:
601 723 781 773 English
799 723 1063 760 derivative?
1178 720 1214 746 13
1235 725 1358 761 abiit:
1384 723 1702 772 composition?
1817 721 1851 746 14
1873 728 2027 772 perter-

216 792 319 828 rita:
354 792 519 838 navigia
554 789 588 826 is
625 789 902 826 understood.
1020 786 1055 810 15
1077 792 1314 826 vetustate:
1347 792 1471 826 vetus
1490 793 1526 832 -ξ-
1546 792 1629 825 tas.
1746 786 1781 812 1⁶
1804 791 2022 836 praesidio:

218 862 349 893 states
371 855 481 892 what
502 854 575 892 the
596 856 777 902 legiones
798 866 910 890 were
932 853 1010 890 for.

288 944 541 982 Determine
574 943 713 981 which
747 942 793 980 of
827 942 900 980 the
934 942 1183 992 participles
1220 942 1261 980 in
1295 942 1367 980 the
1401 955 1585 992 passage
1620 942 1779 980 denote
1811 945 1910 981 time
1942 944 2025 982 and

216 1010 355 1048 which
387 1010 545 1047 denote
575 1022 705 1046 cause.

866 1219 1258 1269 EXERCISE
1301 1220 1373 1268 LI

286 1354 520 1392 Grammar:
550 1350 604 1390 A.
631 1361 729 1402 504,
752 1349 800 1400 ὧς
839 1361 949 1402 5403
987 1360 1085 1403 549.
1150 1349 1200 1389 Β.
1223 1348 1324 1401 338,
1350 1361 1382 1399 1,
1403 1363 1448 1401 <73
1489 1347 1588 1400 286,
1613 1362 1647 1399 1,
1670 1361 1708 1391 2.
1769 1351 1824 1391 G.
1845 1349 1948 1402 428,
1971 1363 2022 1404 23

219 1438 330 1480 5403
371 1423 468 1479 586-
528 1425 588 1466 H·
616 1435 717 1477 475,
747 1437 797 1476 2³
838 1423 936 1476 588,
966 1424 1011 1475 13
1052 1422 1151 1478 598-

283 1504 514 1552 Inflection:
543 1501 672 1552 volo,
709 1500 957 1554 equitatus;
994 1499 1101 1554 ipse.

281 1580 408 1620 Order
430 1580 482 1627 of
501 1579 658 1617 words:
688 1589 742 1616 an
774 1575 989 1630 adjective
1020 1576 1189 1630 usually
1217 1576 1252 1616 is
1284 1576 1437 1630 placed
1468 1577 1765 1632 immediately
1789 1577 1943 1619 before
1973 1591 2024 1619 or

214 1654 328 1695 after
366 1653 441 1694 the
476 1652 598 1693 word
634 1651 777 1692 which
817 1651 849 1691 it
888 1650 1103 1701 modifies,
1143 1651 1291 1692 unless
1330 1665 1356 1692 a
1393 1652 1583 1706 limiting
1618 1653 1740 1693 word
1776 1666 1827 1693 or
1861 1653 2022 1707 phrase

213 1730 479 1770 intervenes.

327 1901 528 1939 GALBA
563 1901 616 1938 IS
653 1900 1005 1938 STATIONED
1041 1900 1105 1936 IN
1139 1900 1264 1936 THE
1298 1900 1445 1937 ALPS
1479 1900 1556 1937 TO
1592 1900 1748 1937 KEEP
1780 1901 1906 1938 THE

920 1976 1124 2013 ROADS
1158 1976 1316 2013 OPEN

282 2087 408 2132 Cum
446 2085 492 2130 in
532 2077 717 2130 Italiam
759 2084 1138 2144 proficisceretur
1173 2084 1367 2139 Caesar,
1410 2084 1627 2130 Servium
1667 2085 1872 2131 Galbam
1909 2101 2018 2131 cum

211 2170 396 2229 legione
445 2167 729 2213 duodecima
777 2175 823 2212 et
872 2175 1007 2226 parte
1047 2167 1287 2226 equitatus
1331 2167 1377 2211 in
1419 2164 1717 2223 Nantuatis,1
1760 2168 2016 2227 Veragros,

215 2252 531 2310 Sedunosque
565 2250 704 2306 misit,
737 2257 817 2309 qui
849 2256 875 2294 a
910 2249 1088 2294 finibus
1120 2249 1436 2309 Allobrogum
1467 2258 1514 2295 et
1547 2250 1651 2295 lacu
1687 2250 1937 2295 Lemanno
1971 2258 2019 2296 et

211 2334 406 2379 flumine
434 2333 672 2378 Rhodano
699 2333 759 2377 ad
785 2340 1000 2378 summas
1032 2332 1167 2392 Alpis
1193 2332 1444 2392 pertinent.
1498 2333 1660 2378 Causa
1685 2333 1902 2378 mittendi
1928 2333 2018 2378 fuit

209 2412 365 2476 quod2
398 2412 509 2461 iter3
543 2430 627 2475 per
661 2416 809 2474 Alpis,
845 2421 941 2474 quo
979 2421 1157 2474 magno
1192 2430 1301 2460 cum
1339 2415 1546 2475 periculo
1584 2422 1870 2475 magnisque
1908 2406 2017 2461 cum

210 2499 429 2559 portoriis
463 2505 754 2543 mercatores
787 2505 853 2543 ire
888 2505 1190 2554 consuerant,
1224 2498 1438 2558 patefieri
1470 2498 1673 2544 volebat.
1728 2495 1883 2543 Huic4
1916 2513 2017 2558 per—

209 2582 348 2638 misit,
381 2588 419 2627 si
449 2597 572 2641 opus
603 2596 709 2626 esse
741 2581 1061 2637 arbitraretur,
1088 2587 1157 2626 uti
1186 2580 1233 2626 in
1264 2580 1336 2626 his
1366 2581 1479 2626 locis
1509 2581 1746 2640 legionem
1777 2581 2016 2626 hiemandi

208 2671 353 2709 causa
377 2664 639 2709 collocaret.
693 2664 848 2709 Galba
868 2664 1090 2709 secundis
1115 2660 1320 2718 aliquot5
1338 2664 1526 2723 proeliis
1552 2663 1691 2709 factis
1717 2663 2015 2723 castellisque

208 2747 533 2806 compluribus
573 2753 739 2792 eorum
783 2754 1082 2806 expugnatis,
1128 2747 1284 2792 missis
1325 2747 1384 2791 ad
1428 2762 1538 2791 eum
1588 2747 1799 2806 undique
1847 2746 2014 2806 legatis

207 2829 549 2889 obsidibusque
571 2829 692 2874 datis
714 2837 760 2874 et
786 2836 903 2888 pace
929 2828 1069 2885 facta,
1092 2829 1335 2874 constituit
1361 2829 1568 2874 cohortis
1588 2829 1709 2874 duas
1735 2828 1782 2873 in
1803 2829 2014 2873 Nantua-

208 2912 333 2956 tibus
360 2911 588 2956 collocare
614 2908 686 2956 et6
711 2911 812 2970 ipse
839 2926 949 2956 cum
975 2911 1165 2970 reliquis
1185 2911 1286 2956 eius
1313 2911 1510 2970 legionis
1537 2911 1811 2956 cohortibus
1837 2910 1884 2955 in
1909 2915 2013 2956 vico

206 2993 546 3053 Veragrorum,
570 3000 651 3053 qui
676 2993 942 3053 appellatur
968 2993 1258 3049 Octodurus,
1286 2992 1524 3050 hiemare3
1563 2999 1644 3053 qui
1671 2999 1802 3038 vicus
1827 2992 2012 3052 positus
