2181 3352
194 129 267 178 90
630 120 846 165 SIGHT
884 120 1203 165 READING
1244 120 1318 164 IN
1358 120 1571 164 LATIN

197 259 363 319 spatio,
395 273 552 318 neque
583 258 798 313 navibus,
825 257 956 317 quod
987 265 1151 302 rursus
1182 258 1427 302 minuente
1456 265 1591 302 aestu
1619 265 1767 303 naves
1797 258 1844 303 in
1869 259 2005 304 vadis

196 336 571 386 afflictarentur?
621 341 696 385 Ita
716 347 919 399 utraque
945 347 995 384 re
1016 340 1302 399 oppidorum
1324 341 1620 399 oppugnatio
1640 340 2002 400 impediebatur.

196 426 269 469 Ac
313 431 351 468 si
393 423 588 482 quando
630 422 959 481 magnitudine
1003 422 1160 481 operis
1204 422 1327 467 forte
1377 430 1601 482 superati,
1646 429 1841 467 extruso
1884 427 2006 466 mari

197 521 373 566 aggere
394 520 448 550 ac
468 506 673 549 molibus
694 513 838 564 atque
858 505 930 549 his
950 504 1111 563 oppidi
1139 505 1391 549 moenibus
1411 505 1702 564 adaequatis,
1724 502 2007 564 desperaress

196 589 402 633 fortunis
435 595 532 633 suis
564 595 836 646 coeperant,
864 593 1042 646 magno
1073 593 1275 632 numero
1306 587 1499 632 navium
1529 589 1746 642 appulso,
1776 588 1910 633 cuius
1941 595 2007 633 rei

198 686 437 716 summam
472 670 750 715 facultatem
785 669 1041 725 habebant,
1079 684 1166 714 sua
1199 667 1544 729 deportabant⁷
1578 670 1739 714 omnia
1774 677 1922 730 seque
1960 671 2008 715 in

197 753 413 812 proxima
450 753 626 812 oppida
656 752 975 811 recipiebant3
1016 752 1076 796 ibi
1111 759 1162 797 se
1192 760 1358 797 rursus
1388 753 1540 798 isdem
1567 753 2007 814 opportunitatibus

196 836 285 881 loci
310 835 650 880 defendebant.
705 835 845 879 Haec
871 830 955 879 eog
979 834 1163 880 facilius
1188 850 1416 894 magnam
1442 844 1628 895 partem
1655 836 1849 880 aestatis
1870 835 2009 880 facie-

197 918 326 974 bant,
354 918 484 977 quod
515 925 708 962 nostrae
740 923 888 962 naves
918 918 1291 972 tempestatibus
1322 914 1692 974 detinebantur,9
1722 933 2008 977 summaque

197 1009 298 1046 erat
318 1007 455 1045 vasto
481 1007 625 1059 atque
652 1005 820 1058 aperto
845 1006 977 1055 mari,
999 1006 1195 1058 magnis·
1214 1000 1438 1055 aestibus,
1463 1004 1587 1044 raris
1614 1015 1669 1045 ac
1694 1015 1844 1059 prope
1870 1001 2009 1045 nullis

197 1084 429 1138 portibuS,
459 1081 712 1127 difficultas
738 1082 1007 1142 navigandi.
1027 1110 1094 1114 —-—
1113 1082 1192 1126 DE
1222 1082 1392 1127 BELLo
1420 1083 1663 1138 GALLicQ
1694 1083 1789 1138 ΙΙΙ,
1818 1099 1871 1127 12

929 1234 1282 1271 VOCABULARY

197 1338 328 1389 situs,
353 1339 421 1390 fis,
444 1350 517 1387 rn.7
542 1336 786 1377 sz'luall'on,
1169 1338 1358 1388 quando,
1383 1341 1435 1375 al
1456 1349 1549 1389 any
1573 1336 1683 1376 lime

196 1413 385 1464 lingula,
402 1425 469 1464 ae,
493 1411 539 1462 f.‚
566 1411 687 1452 little
709 1416 875 1465 longae
898 1411 962 1466 (of
985 1411 1104 1465 land)
1169 1413 1365 1463 extrsidt‘),
1390 1423 1430 1463 3,
1454 1413 1581 1463 trfisi,
1607 1414 1773 1463 trimus,
1796 1411 1909 1452 shut
1930 1415 2011 1452 out

197 1500 384 1539 semper,
410 1487 591 1540 always
1167 1489 1342 1539 vastus,
1367 1499 1408 1538 a,
1431 1499 1523 1539 um,
1549 1490 1657 1527 vast

1008 1640 1206 1677 NOTES

266 1742 280 1768 1
304 1746 458 1791 posita:
479 1756 630 1793 agrees
645 1744 744 1781 with
761 1757 781 1781 a
798 1756 995 1793 pronoun
1016 1743 1227 1793 referring
1245 1750 1287 1781 to
1301 1746 1532 1792 oppidorum
1547 1744 1630 1781 and
1648 1744 1815 1794 subject
1831 1743 1876 1781 of
1890 1747 2010 1782 habe-

195 1813 301 1847 rent.
417 1806 434 1831 2
456 1811 770 1857 promunturiis:
798 1809 977 1858 English
997 1809 1230 1847 derivative
1250 1810 1264 1845 ?
1377 1807 1394 1832 3
1415 1812 1519 1847 alto:
1543 1811 1609 1846 the
1624 1811 1730 1859 deep.
1843 1808 1860 1833 4
1881 1813 2006 1857 quod:

198 1873 333 1911 refers
352 1881 394 1911 to
413 1874 485 1911 the
504 1874 590 1911 fact
608 1874 746 1911 stated
770 1874 811 1910 in
829 1874 901 1911 the
921 1874 1159 1923 preceding
1177 1874 1332 1911 clause.
1446 1873 1463 1899 5
1483 1876 1801 1912 afflictarentur:
1828 1874 2008 1923 English

199 1940 431 1977 derivative
451 1940 464 1976 ?
580 1938 597 1963 6
619 1942 854 1986 desperare:
895 1940 1212 1988 composition?
1328 1938 1343 1963 7
1365 1941 1652 1987 deportabant:
1691 1940 2008 1989 composition?

196 2004 210 2027 S
234 2008 298 2041 eo:
315 2005 397 2054 sor
413 2006 496 2042 this
521 2018 677 2041 reason.
791 2002 808 2026 9
830 2007 1138 2043 ᾶέῒίηὲὺειηῒυῐῑ
1170 2005 1488 2054 composition?

268 2090 463 2127 Observe
490 2090 563 2127 the
591 2090 706 2139 large
733 2090 914 2128 number
940 2090 985 2128 of
1011 2091 1232 2140 examples
1260 2091 1304 2128 of
1329 2091 1400 2128 the
1431 2090 1612 2128 ablative
1642 2091 1834 2128 absolute
1863 2091 1905 2128 in
1934 2091 2007 2129 the

198 2166 380 2203 passage
403 2154 486 2191 and
510 2154 749 2191 determine
772 2155 844 2192 the
866 2155 961 2194 best
984 2170 1073 2207 way
1096 2164 1138 2194 to
1161 2156 1362 2193 translate
1386 2155 1492 2192 each
1516 2168 1611 2193 one.

1005 2946 1200 2974 SHIELDS
