2108 3361
749 139 1162 193 EUTROPIUS‚
1190 138 1214 183 1
1858 142 1880 194 5

80 272 393 342 Esquilinum,
439 281 543 325 urbi
592 279 816 333 adiunxit,
863 277 1020 322 fossas
1061 277 1192 321 circa
1241 283 1432 321 murum
1481 276 1626 321 dnxit.
1698 277 1885 321 Primus

76 371 274 409 censum
306 363 521 407 omnium
553 360 813 420 imperavit,
843 366 924 419 qui
953 355 1133 403 adhuc9
1160 373 1244 418 per
1269 358 1435 402 orbem
1467 365 1699 402 terrarum
1731 358 1886 417 incog-

76 443 248 491 nitus10
274 452 388 490 erat.
444 444 544 489 Sub
570 450 628 488 eo
650 444 809 487 Roma
834 442 1057 487 omnibus
1083 441 1128 485 in
1156 447 1355 486 censum
1382 441 1549 485 delatis
1576 440 1740 485 habuit
1762 448 1887 485 octo-

74 528 206 588 ginta
245 528 333 572 tria
371 527 496 571 milia
536 526 709 571 civium
751 526 1084 569 Romanorum
1125 539 1234 569 cum
1274 524 1327 568 iis
1367 530 1446 582 qui
1486 523 1531 567 in
1572 529 1696 581 agris
1737 532 1882 568 erant.

76 610 277 656 Occisus
315 618 389 654 est
421 608 791 668 quadragesimo
829 614 996 667 quinto
1034 607 1202 666 imperi
1240 612 1367 650 anno
1405 605 1581 650 scelere
1614 612 1777 663 generi
1815 612 1886 650 sui

75 692 318 752 Tarquini,
368 691 435 736 fili
486 691 588 736 eius
639 690 765 750 regis
815 690 889 735 cui
941 690 1043 749 ipse
1093 696 1402 743 successerat,
1454 695 1501 732 et
1551 687 1689 742 filiae,
1739 702 1885 746 quam

74 774 364 834 Tarquinius
402 773 610 818 habebat
646 773 1274 826 uxorem—EUTROPIUS,
1310 771 1331 814 I

803 963 1156 1000 VOCABULARY

72 1067 226 1119 circus,
250 1067 280 1118 i,
307 1079 380 1116 m.,
405 1064 480 1105 tlte
502 1065 650 1105 circus
672 1064 923 1104 illam'mzts
1001 1066 1172 1116 census,
1198 1065 1267 1115 fis,
1292 1076 1365 1113 m.,
1391 1075 1550 1102 census

72 1143 218 1194 Indus,
238 1142 268 1194 i,
294 1155 368 1192 m.,
387 1154 526 1195 gama
1002 1140 1135 1191 orbis,
1161 1140 1216 1191 is,
1240 1152 1312 1188 m.,
1338 1137 1482 1187 circle,
1507 1137 1629 1193 (with
1651 1140 1886 1191 terrarum)

72 1219 192 1270 urbs,
218 1218 355 1270 urbis,
379 1216 425 1267 f.,
450 1217 541 1269 ι’]’ζγ
1063 1214 1218 1255 world

70 1294 358 1345 territorium,
384 1293 594 1344 territori,
623 1306 680 1342 n.,
713 1291 902 1331 (latumias
1001 1292 1158 1343 scelus,
1185 1291 1288 1342 eris,
1315 1304 1373 1339 n.,
1399 1290 1538 1330 crime

132 1367 368 1423 (territory)
1001 1367 1386 1418 quadragesimus,
1409 1378 1450 1417 a,
1476 1378 1567 1417 um,
1583 1363 1786 1417 fimfz'ellc

72 1445 233 1496 cloaca,
259 1456 325 1496 ae,
352 1442 397 1493 f.,
422 1456 570 1484 sewer
1001 1454 1148 1494 gener,
1174 1443 1252 1493 eri,
1278 1454 1351 1491 m.,
1376 1439 1644 1480 son-sn-law

70 1520 340 1572 tricesimus,
363 1531 404 1571 a,
427 1531 519 1571 um,
542 1517 754 1559 llzz'rlsellc
1001 1529 1122 1570 uxor,
1145 1518 1248 1569 oris,
1297 1549 1321 1567 .,
1348 1516 1457 1569 wife

72 1596 201 1648 circa,
225 1608 363 1648 prep.‚
389 1594 585 1644 amand,
612 1593 767 1634 round

882 1763 1078 1801 NOTES

140 1866 155 1892 1
178 1871 424 1915 senatssrum,
448 1869 694 1916 duplicavit:
721 1866 833 1905 infer
854 1867 926 1905 the
949 1867 1153 1916 meaning
1173 1866 1283 1904 from
1310 1867 1382 1904 the
1407 1866 1589 1915 English
1612 1866 1883 1903 derivatives.

69 1930 86 1955 2
109 1935 277 1971 circum:
305 1933 448 1970 where
470 1933 543 1970 the
566 1933 731 1970 chariot
757 1945 877 1970 races
897 1945 1009 1970 were
1032 1932 1146 1970 held.
1260 1930 1276 1954 3
1299 1936 1557 1980 permanent:
1588 1943 1658 1979 per
1673 1936 1710 1975 -}-
1728 1935 1882 1968 maneo.

68 1997 86 2022 4
107 2001 226 2036 vicit:
256 1999 484 2048 emphatic.
598 1997 615 2023 5
635 2001 843 2037 adil-inxit:
872 2001 921 2036 ad
938 2003 975 2042 ÷
992 2000 1128 2047 iungc‘).
1243 1997 1259 2022 6
1281 2000 1561 2045 triumphans:
1587 1996 1722 2034 refers
1745 2003 1787 2034 to
1811 1996 1884 2034 the

72 2070 195 2115 entry
221 2063 267 2101 of
292 2076 314 2101 a
337 2063 513 2113 general
542 2064 631 2102 into
649 2065 786 2101 Rome
814 2063 923 2101 after
949 2076 971 2101 a
997 2063 1236 2101 successful
1264 2063 1503 2112 campaign.
1619 2061 1633 2086 ⁷
1655 2074 1726 2110 per
1748 2063 1881 2100 filios:

71 2128 166 2166 how
189 2129 295 2166 does
317 2129 400 2167 this
425 2129 550 2166 differ
570 2129 681 2167 from
703 2133 727 2167 a
746 2130 881 2167 siffis?
995 2128 1010 2153 8
1029 2133 1201 2167 montis:
1228 2130 1340 2166 lzt'lls.
1456 2128 1472 2152 9
1494 2132 1644 2166 adhuc:
1675 2131 1725 2165 ad
1742 2133 1779 2172 -4-
1795 2131 1881 2166 hoc.

73 2194 112 2231 It
134 2194 269 2232 refers
292 2201 335 2232 to
358 2195 471 2232 time.
587 2193 622 2219 10
644 2197 897 2243 incognitus:
925 2197 965 2231 in
982 2200 1019 2239 —}-
1037 2199 1243 2243 cognoscc').

141 2277 394 2321 Determine
423 2277 496 2315 the
526 2277 756 2327 emphasis,
781 2290 828 2315 or
856 2277 952 2315 lack
981 2276 1027 2315 of
1054 2277 1096 2322 it,
1120 2278 1162 2315 in
1188 2278 1260 2316 the
1289 2290 1387 2316 case
1418 2276 1462 2314 of
1491 2276 1597 2314 each
1623 2277 1815 2326 genitive
1841 2277 1885 2314 in

70 2340 154 2378 this
184 2353 379 2391 passage.

891 2858 1058 2887 GLADII
