<?xml version="1.0" encoding="UTF-8"?>
<!DOCTYPE html PUBLIC "-//W3C//DTD XHTML 1.0 Transitional//EN"
    "http://www.w3.org/TR/xhtml1/DTD/xhtml1-transitional.dtd">
<html xmlns="http://www.w3.org/1999/xhtml" xml:lang="en" lang="en">
 <head>
  <title>
</title>
<meta http-equiv="Content-Type" content="text/html;charset=utf-8" />
  <meta name='ocr-system' content='tesseract 3.04.00' />
  <meta name='ocr-capabilities' content='ocr_page ocr_carea ocr_par ocr_line ocrx_word'/>
</head>
<body>
  <div class='ocr_page' id='page_1' title='image "./sightreadinginla01bice_0043.png"; bbox 0 0 2149 3356; ppageno 0'>
   <div class='ocr_carea' id='block_1_1' title="bbox 663 154 1949 209">
    <p class='ocr_par' dir='ltr' id='par_1_1' title="bbox 663 154 1949 209">
     <span class='ocr_line' id='line_1_1' title="bbox 663 154 1949 209; baseline -0.004 -9"><span class='ocrx_word' id='word_1_1' title='bbox 663 157 873 200; x_wconf 82' lang='lat' dir='ltr'>PLINY</span> <span class='ocrx_word' id='word_1_2' title='bbox 908 156 1055 200; x_wconf 88' lang='lat' dir='ltr'>THE</span> <span class='ocrx_word' id='word_1_3' title='bbox 1088 154 1431 200; x_wconf 76' lang='lat' dir='ltr'>YOUNGER</span> <span class='ocrx_word' id='word_1_4' title='bbox 1883 161 1949 209; x_wconf 83' lang='lat'>23</span> 
     </span>
    </p>
   </div>
   <div class='ocr_carea' id='block_1_2' title="bbox 144 289 1956 528">
    <p class='ocr_par' dir='ltr' id='par_1_2' title="bbox 144 289 1956 528">
     <span class='ocr_line' id='line_1_2' title="bbox 144 289 1955 341; baseline -0.005 -6"><span class='ocrx_word' id='word_1_5' title='bbox 144 299 338 335; x_wconf 74' lang='lat' dir='ltr'>urbanus,</span> <span class='ocrx_word' id='word_1_6' title='bbox 455 292 488 318; x_wconf 84' lang='lat'>11</span> <span class='ocrx_word' id='word_1_7' title='bbox 509 295 761 330; x_wconf 73' lang='lat' dir='ltr'>Mithridati:</span> <span class='ocrx_word' id='word_1_8' title='bbox 796 291 998 341; x_wconf 80' lang='lat' dir='ltr'>genitive.</span> <span class='ocrx_word' id='word_1_9' title='bbox 1047 289 1331 333; x_wconf 76' lang='lat' dir='ltr'>Mithridates,</span> <span class='ocrx_word' id='word_1_10' title='bbox 1362 289 1466 338; x_wconf 85' lang='lat' dir='ltr'>king</span> <span class='ocrx_word' id='word_1_11' title='bbox 1498 289 1543 326; x_wconf 83' lang='lat' dir='ltr'>of</span> <span class='ocrx_word' id='word_1_12' title='bbox 1575 290 1748 334; x_wconf 81' lang='lat' dir='ltr'>Pontus,</span> <span class='ocrx_word' id='word_1_13' title='bbox 1779 290 1821 326; x_wconf 91' lang='lat' dir='ltr'>in</span> <span class='ocrx_word' id='word_1_14' title='bbox 1852 290 1955 327; x_wconf 87' lang='lat' dir='ltr'>Asia</span> 
     </span>
     <span class='ocr_line' id='line_1_3' title="bbox 148 353 1955 405; baseline -0.003 -8"><span class='ocrx_word' id='word_1_15' title='bbox 148 361 301 398; x_wconf 90' lang='lat' dir='ltr'>Minor.</span> <span class='ocrx_word' id='word_1_16' title='bbox 416 356 451 380; x_wconf 76' lang='lat'>12</span> <span class='ocrx_word' id='word_1_17' title='bbox 473 361 571 405; x_wconf 72' lang='lat' dir='ltr'>quo:</span> <span class='ocrx_word' id='word_1_18' title='bbox 606 356 936 405; x_wconf 88' lang='lat' dir='ltr'>interrogative;</span> <span class='ocrx_word' id='word_1_19' title='bbox 969 355 1052 393; x_wconf 86' lang='lat' dir='ltr'>this</span> <span class='ocrx_word' id='word_1_20' title='bbox 1071 354 1214 392; x_wconf 87' lang='lat' dir='ltr'>clause</span> <span class='ocrx_word' id='word_1_21' title='bbox 1238 354 1272 390; x_wconf 89' lang='lat' dir='ltr'>is</span> <span class='ocrx_word' id='word_1_22' title='bbox 1294 354 1366 391; x_wconf 86' lang='lat' dir='ltr'>the</span> <span class='ocrx_word' id='word_1_23' title='bbox 1385 354 1549 391; x_wconf 86' lang='lat' dir='ltr'>second</span> <span class='ocrx_word' id='word_1_24' title='bbox 1573 353 1717 403; x_wconf 89' lang='lat' dir='ltr'>object</span> <span class='ocrx_word' id='word_1_25' title='bbox 1740 353 1785 390; x_wconf 81' lang='lat' dir='ltr'>of</span> <span class='ocrx_word' id='word_1_26' title='bbox 1805 357 1955 392; x_wconf 88' lang='lat' dir='ltr'>docuis-</span> 
     </span>
     <span class='ocr_line' id='line_1_4' title="bbox 146 417 1956 469; baseline -0.004 -6"><span class='ocrx_word' id='word_1_27' title='bbox 146 430 225 463; x_wconf 85' lang='lat' dir='ltr'>set.</span> <span class='ocrx_word' id='word_1_28' title='bbox 340 423 375 448; x_wconf 80' lang='lat'>13</span> <span class='ocrx_word' id='word_1_29' title='bbox 395 425 552 460; x_wconf 73' lang='lat' dir='ltr'>invonit</span> <span class='ocrx_word' id='word_1_30' title='bbox 583 424 624 458; x_wconf 89' lang='lat' dir='ltr'>in</span> <span class='ocrx_word' id='word_1_31' title='bbox 640 427 675 465; x_wconf 65' lang='lat' dir='ltr'>-l-</span> <span class='ocrx_word' id='word_1_32' title='bbox 696 424 824 469; x_wconf 86' lang='lat' dir='ltr'>venio,</span> <span class='ocrx_word' id='word_1_33' title='bbox 847 434 954 458; x_wconf 79' lang='lat' dir='ltr'>come</span> <span class='ocrx_word' id='word_1_34' title='bbox 975 426 1101 469; x_wconf 73' lang='lat' dir='ltr'>upon.</span> <span class='ocrx_word' id='word_1_35' title='bbox 1218 417 1250 443; x_wconf 74' lang='lat'>14</span> <span class='ocrx_word' id='word_1_36' title='bbox 1273 422 1566 467; x_wconf 76' lang='lat' dir='ltr'>propugnaret:</span> <span class='ocrx_word' id='word_1_37' title='bbox 1601 425 1701 455; x_wconf 89' lang='lat' dir='ltr'>note</span> <span class='ocrx_word' id='word_1_38' title='bbox 1724 418 1796 456; x_wconf 89' lang='lat' dir='ltr'>the</span> <span class='ocrx_word' id='word_1_39' title='bbox 1820 419 1956 468; x_wconf 81' lang='lat' dir='ltr'>prefix</span> 
     </span>
     <span class='ocr_line' id='line_1_5' title="bbox 145 484 1347 528; baseline -0.006 0"><span class='ocrx_word' id='word_1_40' title='bbox 145 490 229 528; x_wconf 92' lang='lat' dir='ltr'>and</span> <span class='ocrx_word' id='word_1_41' title='bbox 250 490 302 527; x_wconf 88' lang='lat' dir='ltr'>its</span> <span class='ocrx_word' id='word_1_42' title='bbox 324 488 454 526; x_wconf 82' lang='lat' dir='ltr'>force.</span> <span class='ocrx_word' id='word_1_43' title='bbox 572 485 605 511; x_wconf 81' lang='lat'>15</span> <span class='ocrx_word' id='word_1_44' title='bbox 624 487 800 524; x_wconf 83' lang='lat' dir='ltr'>fuisset:</span> <span class='ocrx_word' id='word_1_45' title='bbox 834 486 941 523; x_wconf 90' lang='lat' dir='ltr'>used</span> <span class='ocrx_word' id='word_1_46' title='bbox 964 485 1131 522; x_wconf 81' lang='lat' dir='ltr'>instead</span> <span class='ocrx_word' id='word_1_47' title='bbox 1154 484 1199 522; x_wconf 80' lang='lat' dir='ltr'>of</span> <span class='ocrx_word' id='word_1_48' title='bbox 1219 488 1347 522; x_wconf 88' lang='lat' dir='ltr'>esset.</span> 
     </span>
    </p>
   </div>
   <div class='ocr_carea' id='block_1_3' title="bbox 145 568 1952 686">
    <p class='ocr_par' dir='ltr' id='par_1_3' title="bbox 145 568 1952 686">
     <span class='ocr_line' id='line_1_6' title="bbox 214 568 1952 619; baseline -0.003 -10"><span class='ocrx_word' id='word_1_49' title='bbox 214 572 250 609; x_wconf 95' lang='lat' dir='ltr'><strong>T</strong></span> <span class='ocrx_word' id='word_1_50' title='bbox 254 571 358 608; x_wconf 88' lang='lat' dir='ltr'>hink</span> <span class='ocrx_word' id='word_1_51' title='bbox 384 570 429 608; x_wconf 82' lang='lat' dir='ltr'>of</span> <span class='ocrx_word' id='word_1_52' title='bbox 456 569 635 619; x_wconf 86' lang='lat' dir='ltr'>English</span> <span class='ocrx_word' id='word_1_53' title='bbox 661 568 799 606; x_wconf 88' lang='lat' dir='ltr'>words</span> <span class='ocrx_word' id='word_1_54' title='bbox 828 568 939 605; x_wconf 86' lang='lat' dir='ltr'>from</span> <span class='ocrx_word' id='word_1_55' title='bbox 965 571 1127 606; x_wconf 65' lang='lat' dir='ltr'>loci-itus</span> <span class='ocrx_word' id='word_1_56' title='bbox 1154 571 1256 614; x_wconf 84' lang='lat' dir='ltr'>erat,</span> <span class='ocrx_word' id='word_1_57' title='bbox 1279 570 1429 615; x_wconf 66' lang='lat' dir='ltr'>rhetor,</span> <span class='ocrx_word' id='word_1_58' title='bbox 1453 570 1737 615; x_wconf 85' lang='lat' dir='ltr'>conspicimus,</span> <span class='ocrx_word' id='word_1_59' title='bbox 1760 570 1952 614; x_wconf 88' lang='lat' dir='ltr'>insulam,</span> 
     </span>
     <span class='ocr_line' id='line_1_7' title="bbox 145 648 442 686; baseline -0.01 -11"><span class='ocrx_word' id='word_1_60' title='bbox 145 649 269 686; x_wconf 67' lang='lat' dir='ltr'>regm,</span> <span class='ocrx_word' id='word_1_61' title='bbox 293 648 442 684; x_wconf 80' lang='lat' dir='ltr'>ignem.</span> 
     </span>
    </p>
   </div>
   <div class='ocr_carea' id='block_1_4' title="bbox 782 778 1323 827">
    <p class='ocr_par' dir='ltr' id='par_1_4' title="bbox 782 778 1323 827">
     <span class='ocr_line' id='line_1_8' title="bbox 782 778 1323 827; baseline -0.004 0"><span class='ocrx_word' id='word_1_62' title='bbox 782 778 1173 827; x_wconf 80' lang='lat' dir='ltr'>EXERCISE</span> <span class='ocrx_word' id='word_1_63' title='bbox 1217 778 1323 826; x_wconf 78' lang='lat' dir='ltr'>XV</span> 
     </span>
    </p>
   </div>
   <div class='ocr_carea' id='block_1_5' title="bbox 150 905 1960 1265">
    <p class='ocr_par' dir='ltr' id='par_1_5' title="bbox 150 905 1956 1115">
     <span class='ocr_line' id='line_1_9' title="bbox 216 905 1955 961; baseline -0.003 -10"><span class='ocrx_word' id='word_1_64' title='bbox 216 913 450 952; x_wconf 84' lang='lat' dir='ltr'>Grammar:</span> <span class='ocrx_word' id='word_1_65' title='bbox 487 910 542 950; x_wconf 78' lang='lat' dir='ltr'>A.</span> <span class='ocrx_word' id='word_1_66' title='bbox 570 907 670 961; x_wconf 76' lang='lat'>346,</span> <span class='ocrx_word' id='word_1_67' title='bbox 696 922 738 959; x_wconf 74' lang='lat' dir='ltr'>a,</span> <span class='ocrx_word' id='word_1_68' title='bbox 767 920 818 961; x_wconf 81' lang='lat'>3;</span> <span class='ocrx_word' id='word_1_69' title='bbox 862 907 975 960; x_wconf 69' lang='lat'>3843</span> <span class='ocrx_word' id='word_1_70' title='bbox 1018 905 1132 960; x_wconf 75' lang='lat'>4563</span> <span class='ocrx_word' id='word_1_71' title='bbox 1178 919 1288 960; x_wconf 72' lang='lat'>5303</span> <span class='ocrx_word' id='word_1_72' title='bbox 1335 919 1501 960; x_wconf 72' lang='lat'>531,1:</span> <span class='ocrx_word' id='word_1_73' title='bbox 1545 905 1642 960; x_wconf 80' lang='lat'>568.</span> <span class='ocrx_word' id='word_1_74' title='bbox 1708 907 1757 947; x_wconf 78' lang='grc' dir='ltr'>Β.</span> <span class='ocrx_word' id='word_1_75' title='bbox 1787 919 1885 956; x_wconf 72' lang='lat'>201,</span> <span class='ocrx_word' id='word_1_76' title='bbox 1915 918 1955 957; x_wconf 79' lang='lat'>13</span> 
     </span>
     <span class='ocr_line' id='line_1_10' title="bbox 152 982 1956 1041; baseline -0.004 -1"><span class='ocrx_word' id='word_1_77' title='bbox 152 998 247 1041; x_wconf 63' lang='lat'>1922</span> <span class='ocrx_word' id='word_1_78' title='bbox 276 998 315 1037; x_wconf 74' lang='lat'>13</span> <span class='ocrx_word' id='word_1_79' title='bbox 365 984 533 1038; x_wconf 74' lang='lat'>328,1;</span> <span class='ocrx_word' id='word_1_80' title='bbox 585 984 683 1035; x_wconf 74' lang='lat'>282,</span> <span class='ocrx_word' id='word_1_81' title='bbox 712 997 752 1035; x_wconf 66' lang='lat'>13</span> <span class='ocrx_word' id='word_1_82' title='bbox 798 995 897 1039; x_wconf 70' lang='lat'>297,</span> <span class='ocrx_word' id='word_1_83' title='bbox 927 996 960 1025; x_wconf 89' lang='lat'>1-</span> <span class='ocrx_word' id='word_1_84' title='bbox 1030 984 1084 1024; x_wconf 86' lang='lat' dir='ltr'>G·</span> <span class='ocrx_word' id='word_1_85' title='bbox 1112 982 1225 1038; x_wconf 78' lang='lat'>369:</span> <span class='ocrx_word' id='word_1_86' title='bbox 1270 995 1382 1038; x_wconf 71' lang='lat'>3593</span> <span class='ocrx_word' id='word_1_87' title='bbox 1426 995 1527 1035; x_wconf 48' lang='lat'>423,</span> <span class='ocrx_word' id='word_1_88' title='bbox 1557 995 1590 1033; x_wconf 71' lang='lat'>1,</span> <span class='ocrx_word' id='word_1_89' title='bbox 1620 995 1669 1033; x_wconf 75' lang='lat'>23</span> <span class='ocrx_word' id='word_1_90' title='bbox 1715 994 1956 1035; x_wconf 50' lang='lat'>54571233</span> 
     </span>
     <span class='ocr_line' id='line_1_11' title="bbox 150 1057 1288 1115; baseline -0.004 0"><span class='ocrx_word' id='word_1_91' title='bbox 150 1073 310 1115; x_wconf 62' lang='lat'>55321-</span> <span class='ocrx_word' id='word_1_92' title='bbox 372 1061 430 1101; x_wconf 84' lang='lat' dir='ltr'>H·</span> <span class='ocrx_word' id='word_1_93' title='bbox 457 1073 570 1112; x_wconf 70' lang='lat'>442:</span> <span class='ocrx_word' id='word_1_94' title='bbox 608 1072 710 1112; x_wconf 69' lang='lat'>434,</span> <span class='ocrx_word' id='word_1_95' title='bbox 740 1072 789 1111; x_wconf 63' lang='lat'>23</span> <span class='ocrx_word' id='word_1_96' title='bbox 827 1057 928 1110; x_wconf 78' lang='lat'>607,</span> <span class='ocrx_word' id='word_1_97' title='bbox 958 1072 997 1111; x_wconf 65' lang='lat'>13</span> <span class='ocrx_word' id='word_1_98' title='bbox 1038 1057 1149 1112; x_wconf 71' lang='lat'>5683</span> <span class='ocrx_word' id='word_1_99' title='bbox 1190 1057 1288 1111; x_wconf 75' lang='lat'>566-</span> 
     </span>
    </p>

    <p class='ocr_par' dir='ltr' id='par_1_6' title="bbox 231 1135 1203 1190">
     <span class='ocr_line' id='line_1_12' title="bbox 231 1135 1203 1190; baseline -0.004 -12"><span class='ocrx_word' id='word_1_100' title='bbox 231 1139 463 1187; x_wconf 84' lang='lat' dir='ltr'>Inflection:</span> <span class='ocrx_word' id='word_1_101' title='bbox 493 1149 700 1190; x_wconf 79' lang='lat' dir='ltr'>possum3</span> <span class='ocrx_word' id='word_1_102' title='bbox 737 1135 882 1187; x_wconf 76' lang='lat' dir='ltr'>filius3</span> <span class='ocrx_word' id='word_1_103' title='bbox 920 1135 1082 1187; x_wconf 72' lang='lat' dir='ltr'>dulcis3</span> <span class='ocrx_word' id='word_1_104' title='bbox 1119 1135 1203 1175; x_wconf 88' lang='lat' dir='ltr'>hic.</span> 
     </span>
    </p>

    <p class='ocr_par' dir='ltr' id='par_1_7' title="bbox 213 1209 1960 1265">
     <span class='ocr_line' id='line_1_13' title="bbox 213 1209 1960 1265; baseline -0.002 -12"><span class='ocrx_word' id='word_1_105' title='bbox 213 1210 339 1253; x_wconf 80' lang='lat' dir='ltr'>Order</span> <span class='ocrx_word' id='word_1_106' title='bbox 366 1214 419 1262; x_wconf 90' lang='lat' dir='ltr'>of</span> <span class='ocrx_word' id='word_1_107' title='bbox 442 1214 598 1252; x_wconf 82' lang='lat' dir='ltr'>words:</span> <span class='ocrx_word' id='word_1_108' title='bbox 630 1210 880 1265; x_wconf 82' lang='lat' dir='ltr'>possessive</span> <span class='ocrx_word' id='word_1_109' title='bbox 919 1210 1170 1264; x_wconf 81' lang='lat' dir='ltr'>adjectives⁷</span> <span class='ocrx_word' id='word_1_110' title='bbox 1213 1211 1361 1251; x_wconf 87' lang='lat' dir='ltr'>unless</span> <span class='ocrx_word' id='word_1_111' title='bbox 1401 1210 1636 1264; x_wconf 80' lang='lat' dir='ltr'>emphatic,</span> <span class='ocrx_word' id='word_1_112' title='bbox 1678 1209 1807 1250; x_wconf 91' lang='lat' dir='ltr'>stand</span> <span class='ocrx_word' id='word_1_113' title='bbox 1847 1209 1960 1250; x_wconf 77' lang='lat' dir='ltr'>after</span> 
     </span>
    </p>
   </div>
   <div class='ocr_carea' id='block_1_6' title="bbox 146 1288 562 1401">
    <p class='ocr_par' dir='ltr' id='par_1_8' title="bbox 146 1288 562 1401">
     <span class='ocr_line' id='line_1_14' title="bbox 146 1288 451 1328; baseline 0 0"><span class='ocrx_word' id='word_1_114' title='bbox 146 1288 259 1328; x_wconf 91' lang='lat' dir='ltr'>their</span> <span class='ocrx_word' id='word_1_115' title='bbox 294 1301 451 1328; x_wconf 86' lang='lat' dir='ltr'>nouns.</span> 
     </span>
     <span class='ocr_line' id='line_1_15' title="bbox 213 1362 562 1401; baseline -0.003 0"><span class='ocrx_word' id='word_1_116' title='bbox 213 1362 449 1401; x_wconf 80' lang='lat' dir='ltr'>Prescribecl</span> <span class='ocrx_word' id='word_1_117' title='bbox 470 1362 562 1400; x_wconf 86' lang='lat' dir='ltr'>list:</span> 
     </span>
    </p>
   </div>
   <div class='ocr_carea' id='block_1_7' title="bbox 291 1444 1814 1725">
    <p class='ocr_par' dir='ltr' id='par_1_9' title="bbox 291 1444 1814 1725">
     <span class='ocr_line' id='line_1_16' title="bbox 291 1444 1814 1498; baseline -0.001 -12"><span class='ocrx_word' id='word_1_118' title='bbox 291 1445 440 1486; x_wconf 75' lang='lat' dir='ltr'>fratris</span> <span class='ocrx_word' id='word_1_119' title='bbox 747 1445 878 1491; x_wconf 79' lang='lat' dir='ltr'>redeo</span> <span class='ocrx_word' id='word_1_120' title='bbox 1149 1444 1334 1485; x_wconf 84' lang='lat' dir='ltr'>efficiam</span> <span class='ocrx_word' id='word_1_121' title='bbox 1640 1451 1814 1498; x_wconf 89' lang='lat' dir='ltr'>oportet</span> 
     </span>
     <span class='ocr_line' id='line_1_17' title="bbox 291 1520 1781 1575; baseline -0.001 -13"><span class='ocrx_word' id='word_1_122' title='bbox 291 1521 439 1562; x_wconf 87' lang='lat' dir='ltr'>liberis</span> <span class='ocrx_word' id='word_1_123' title='bbox 749 1521 950 1575; x_wconf 86' lang='lat' dir='ltr'>experior</span> <span class='ocrx_word' id='word_1_124' title='bbox 1151 1520 1295 1561; x_wconf 75' lang='lat' dir='ltr'>debeo</span> <span class='ocrx_word' id='word_1_125' title='bbox 1640 1524 1781 1573; x_wconf 85' lang='lat' dir='ltr'>aequo</span> 
     </span>
     <span class='ocr_line' id='line_1_18' title="bbox 292 1596 1788 1651; baseline -0.001 -13"><span class='ocrx_word' id='word_1_126' title='bbox 292 1611 546 1651; x_wconf 73' lang='lat' dir='ltr'>quaererem</span> <span class='ocrx_word' id='word_1_127' title='bbox 751 1597 906 1637; x_wconf 87' lang='lat' dir='ltr'>studiis</span> <span class='ocrx_word' id='word_1_128' title='bbox 1151 1596 1270 1637; x_wconf 91' lang='lat' dir='ltr'>enim</span> <span class='ocrx_word' id='word_1_129' title='bbox 1639 1596 1788 1636; x_wconf 89' lang='lat' dir='ltr'>subire</span> 
     </span>
     <span class='ocr_line' id='line_1_19' title="bbox 292 1672 1456 1725; baseline -0.001 -12"><span class='ocrx_word' id='word_1_130' title='bbox 292 1672 506 1713; x_wconf 86' lang='lat' dir='ltr'>beneficio</span> <span class='ocrx_word' id='word_1_131' title='bbox 750 1672 936 1713; x_wconf 82' lang='lat' dir='ltr'>sentiam</span> <span class='ocrx_word' id='word_1_132' title='bbox 1151 1672 1456 1725; x_wconf 70' lang='lat' dir='ltr'>suscipiendas</span> 
     </span>
    </p>
   </div>
   <div class='ocr_carea' id='block_1_8' title="bbox 184 1838 1867 1950">
    <p class='ocr_par' dir='ltr' id='par_1_10' title="bbox 184 1838 1867 1950">
     <span class='ocr_line' id='line_1_20' title="bbox 184 1838 1867 1879; baseline -0.002 -1"><span class='ocrx_word' id='word_1_133' title='bbox 184 1877 187 1879; x_wconf 85' lang='grc'><em>,</em></span> <span class='ocrx_word' id='word_1_134' title='bbox 242 1839 424 1876; x_wconf 79' lang='lat' dir='ltr'>PLINY</span> <span class='ocrx_word' id='word_1_135' title='bbox 455 1838 692 1875; x_wconf 73' lang='lat' dir='ltr'>WRITES</span> <span class='ocrx_word' id='word_1_136' title='bbox 727 1838 803 1875; x_wconf 86' lang='lat' dir='ltr'>TO</span> <span class='ocrx_word' id='word_1_137' title='bbox 838 1839 874 1874; x_wconf 70' lang='lat' dir='ltr'><strong>A</strong></span> <span class='ocrx_word' id='word_1_138' title='bbox 910 1838 1142 1874; x_wconf 87' lang='lat' dir='ltr'>FRIEND</span> <span class='ocrx_word' id='word_1_139' title='bbox 1177 1838 1259 1875; x_wconf 85' lang='grc' dir='ltr'>ΟΝ</span> <span class='ocrx_word' id='word_1_140' title='bbox 1293 1838 1418 1874; x_wconf 84' lang='lat' dir='ltr'>THE</span> <span class='ocrx_word' id='word_1_141' title='bbox 1453 1838 1688 1875; x_wconf 71' lang='lat' dir='ltr'><strong>CHOICE</strong></span> <span class='ocrx_word' id='word_1_142' title='bbox 1721 1838 1797 1875; x_wconf 88' lang='lat' dir='ltr'>OF</span> <span class='ocrx_word' id='word_1_143' title='bbox 1830 1839 1867 1875; x_wconf 87' lang='lat' dir='ltr'><strong>A</strong></span> 
     </span>
     <span class='ocr_line' id='line_1_21' title="bbox 831 1913 1279 1950; baseline 0 0"><span class='ocrx_word' id='word_1_144' title='bbox 831 1913 998 1950; x_wconf 76' lang='lat' dir='ltr'>BOYS‘</span> <span class='ocrx_word' id='word_1_145' title='bbox 1033 1913 1279 1950; x_wconf 77' lang='lat' dir='ltr'>SCHOOL</span> 
     </span>
    </p>
   </div>
   <div class='ocr_carea' id='block_1_9' title="bbox 99 2018 1962 3073">
    <p class='ocr_par' dir='ltr' id='par_1_11' title="bbox 99 2018 1962 3073">
     <span class='ocr_line' id='line_1_22' title="bbox 216 2018 1961 2078; baseline -0.001 -13"><span class='ocrx_word' id='word_1_146' title='bbox 216 2020 345 2078; x_wconf 87' lang='lat' dir='ltr'>Quid</span> <span class='ocrx_word' id='word_1_147' title='bbox 378 2019 630 2064; x_wconf 75' lang='lat' dir='ltr'>iucundius</span> <span class='ocrx_word' id='word_1_148' title='bbox 661 2018 774 2063; x_wconf 91' lang='lat' dir='ltr'>mihi</span> <span class='ocrx_word' id='word_1_149' title='bbox 808 2033 913 2063; x_wconf 89' lang='lat' dir='ltr'>esse</span> <span class='ocrx_word' id='word_1_150' title='bbox 948 2018 1103 2078; x_wconf 87' lang='lat' dir='ltr'>potuit</span> <span class='ocrx_word' id='word_1_151' title='bbox 1136 2034 1282 2078; x_wconf 88' lang='lat' dir='ltr'>quam</span> <span class='ocrx_word' id='word_1_152' title='bbox 1318 2027 1369 2064; x_wconf 89' lang='lat' dir='ltr'>ut</span> <span class='ocrx_word' id='word_1_153' title='bbox 1405 2026 1766 2078; x_wconf 76' lang='lat' dir='ltr'>praeceptorem</span> <span class='ocrx_word' id='word_1_154' title='bbox 1801 2019 1961 2064; x_wconf 77' lang='lat' dir='ltr'>fratris</span> 
     </span>
     <span class='ocr_line' id='line_1_23' title="bbox 146 2097 1961 2161; baseline -0.001 -13"><span class='ocrx_word' id='word_1_155' title='bbox 146 2109 213 2148; x_wconf 92' lang='lat' dir='ltr'>tui</span> <span class='ocrx_word' id='word_1_156' title='bbox 250 2102 405 2147; x_wconf 91' lang='lat' dir='ltr'>liberis</span> <span class='ocrx_word' id='word_1_157' title='bbox 443 2103 758 2161; x_wconf 79' lang='lat' dir='ltr'>quaererem?</span> <span class='ocrx_word' id='word_1_158' title='bbox 821 2102 950 2146; x_wconf 91' lang='lat' dir='ltr'>Nam</span> <span class='ocrx_word' id='word_1_159' title='bbox 987 2097 1244 2146; x_wconf 85' lang='lat' dir='ltr'>beneficio1</span> <span class='ocrx_word' id='word_1_160' title='bbox 1279 2108 1361 2146; x_wconf 87' lang='lat' dir='ltr'>tuo</span> <span class='ocrx_word' id='word_1_161' title='bbox 1400 2101 1447 2146; x_wconf 90' lang='lat' dir='ltr'>in</span> <span class='ocrx_word' id='word_1_162' title='bbox 1485 2101 1697 2146; x_wconf 89' lang='lat' dir='ltr'>scholam</span> <span class='ocrx_word' id='word_1_163' title='bbox 1735 2102 1879 2146; x_wconf 91' lang='lat' dir='ltr'>redeo</span> <span class='ocrx_word' id='word_1_164' title='bbox 1914 2110 1961 2147; x_wconf 90' lang='lat' dir='ltr'>et</span> 
     </span>
     <span class='ocr_line' id='line_1_24' title="bbox 146 2180 1958 2243; baseline 0 -14"><span class='ocrx_word' id='word_1_165' title='bbox 146 2185 270 2230; x_wconf 88' lang='lat' dir='ltr'>illam</span> <span class='ocrx_word' id='word_1_166' title='bbox 307 2184 629 2229; x_wconf 75' lang='lat' dir='ltr'>dulcissimam</span> <span class='ocrx_word' id='word_1_167' title='bbox 668 2190 876 2228; x_wconf 77' lang='lat' dir='ltr'>aetatem</span> <span class='ocrx_word' id='word_1_168' title='bbox 913 2180 1077 2243; x_wconf 84' lang='lat' dir='ltr'>quasi2</span> <span class='ocrx_word' id='word_1_169' title='bbox 1111 2181 1342 2228; x_wconf 75' lang='lat' dir='ltr'>resumo.³</span> <span class='ocrx_word' id='word_1_170' title='bbox 1403 2184 1558 2229; x_wconf 82' lang='lat' dir='ltr'>Sedeo</span> <span class='ocrx_word' id='word_1_171' title='bbox 1592 2183 1715 2228; x_wconf 89' lang='lat' dir='ltr'>inter</span> <span class='ocrx_word' id='word_1_172' title='bbox 1748 2184 1958 2240; x_wconf 77' lang='lat' dir='ltr'>iuvenes,</span> 
     </span>
     <span class='ocr_line' id='line_1_25' title="bbox 146 2266 1961 2326; baseline -0.001 -14"><span class='ocrx_word' id='word_1_173' title='bbox 146 2275 198 2312; x_wconf 89' lang='lat' dir='ltr'>ut</span> <span class='ocrx_word' id='word_1_174' title='bbox 232 2267 454 2323; x_wconf 76' lang='lat' dir='ltr'>solebam,</span> <span class='ocrx_word' id='word_1_175' title='bbox 491 2274 634 2326; x_wconf 91' lang='lat' dir='ltr'>atque</span> <span class='ocrx_word' id='word_1_176' title='bbox 669 2266 811 2311; x_wconf 83' lang='lat' dir='ltr'>etiam</span> <span class='ocrx_word' id='word_1_177' title='bbox 847 2266 1065 2325; x_wconf 81' lang='lat' dir='ltr'>experior</span> <span class='ocrx_word' id='word_1_178' title='bbox 1098 2274 1333 2326; x_wconf 90' lang='lat' dir='ltr'>quantum</span> <span class='ocrx_word' id='word_1_179' title='bbox 1370 2266 1498 2326; x_wconf 92' lang='lat' dir='ltr'>apud</span> <span class='ocrx_word' id='word_1_180' title='bbox 1532 2266 1632 2311; x_wconf 88' lang='lat' dir='ltr'>illos</span> <span class='ocrx_word' id='word_1_181' title='bbox 1667 2267 1961 2312; x_wconf 77' lang='lat' dir='ltr'>auctoritatis</span> 
     </span>
     <span class='ocr_line' id='line_1_26' title="bbox 146 2348 1961 2410; baseline -0.001 -15"><span class='ocrx_word' id='word_1_182' title='bbox 146 2365 203 2395; x_wconf 86' lang='lat' dir='ltr'>ex</span> <span class='ocrx_word' id='word_1_183' title='bbox 237 2349 404 2395; x_wconf 87' lang='lat' dir='ltr'>studiis</span> <span class='ocrx_word' id='word_1_184' title='bbox 442 2349 658 2394; x_wconf 85' lang='lat' dir='ltr'>habeam.</span> <span class='ocrx_word' id='word_1_185' title='bbox 712 2350 839 2394; x_wconf 70' lang='lat' dir='ltr'>(jum</span> <span class='ocrx_word' id='word_1_186' title='bbox 874 2356 1029 2393; x_wconf 88' lang='lat' dir='ltr'>omnis</span> <span class='ocrx_word' id='word_1_187' title='bbox 1063 2355 1145 2408; x_wconf 89' lang='lat' dir='ltr'>qui</span> <span class='ocrx_word' id='word_1_188' title='bbox 1178 2348 1464 2408; x_wconf 88' lang='lat' dir='ltr'>profitentur</span> <span class='ocrx_word' id='word_1_189' title='bbox 1501 2349 1709 2405; x_wconf 81' lang='lat' dir='ltr'>audiero,</span> <span class='ocrx_word' id='word_1_190' title='bbox 1749 2349 1864 2410; x_wconf 89' lang='lat' dir='ltr'>quid</span> <span class='ocrx_word' id='word_1_191' title='bbox 1901 2350 1961 2395; x_wconf 74' lang='lat' dir='ltr'>de</span> 
     </span>
     <span class='ocr_line' id='line_1_27' title="bbox 146 2429 1962 2493; baseline -0.001 -15"><span class='ocrx_word' id='word_1_192' title='bbox 146 2439 339 2493; x_wconf 92' lang='lat' dir='ltr'>quoque</span> <span class='ocrx_word' id='word_1_193' title='bbox 382 2432 585 2477; x_wconf 87' lang='lat' dir='ltr'>sentiam</span> <span class='ocrx_word' id='word_1_194' title='bbox 630 2429 877 2488; x_wconf 78' lang='lat' dir='ltr'>scribam,4</span> <span class='ocrx_word' id='word_1_195' title='bbox 917 2431 1231 2491; x_wconf 80' lang='lat' dir='ltr'>efficiamque,</span> <span class='ocrx_word' id='word_1_196' title='bbox 1273 2440 1509 2491; x_wconf 88' lang='lat' dir='ltr'>quantum</span> <span class='ocrx_word' id='word_1_197' title='bbox 1553 2439 1716 2477; x_wconf 85' lang='lat' dir='ltr'>tamen</span> <span class='ocrx_word' id='word_1_198' title='bbox 1758 2432 1962 2492; x_wconf 75' lang='lat' dir='ltr'>epistula</span> 
     </span>
     <span class='ocr_line' id='line_1_28' title="bbox 99 2514 1960 2576; baseline -0.001 -15"><span class='ocrx_word' id='word_1_199' title='bbox 99 2573 102 2576; x_wconf 13' lang='grc' dir='ltr'><em>Δ</em></span> <span class='ocrx_word' id='word_1_200' title='bbox 146 2522 375 2575; x_wconf 83' lang='lat' dir='ltr'>consequi</span> <span class='ocrx_word' id='word_1_201' title='bbox 405 2522 587 2575; x_wconf 84' lang='lat' dir='ltr'>potero,</span> <span class='ocrx_word' id='word_1_202' title='bbox 615 2523 668 2560; x_wconf 87' lang='lat' dir='ltr'>ut</span> <span class='ocrx_word' id='word_1_203' title='bbox 698 2515 800 2575; x_wconf 89' lang='lat' dir='ltr'>ipse</span> <span class='ocrx_word' id='word_1_204' title='bbox 829 2522 986 2560; x_wconf 88' lang='lat' dir='ltr'>omnis</span> <span class='ocrx_word' id='word_1_205' title='bbox 1017 2515 1208 2560; x_wconf 81' lang='lat' dir='ltr'>audisse</span> <span class='ocrx_word' id='word_1_206' title='bbox 1234 2514 1450 2559; x_wconf 77' lang='lat' dir='ltr'>videaris.</span> <span class='ocrx_word' id='word_1_207' title='bbox 1505 2515 1674 2560; x_wconf 79' lang='lat' dir='ltr'>Debeo</span> <span class='ocrx_word' id='word_1_208' title='bbox 1706 2515 1833 2560; x_wconf 88' lang='lat' dir='ltr'>enirn</span> <span class='ocrx_word' id='word_1_209' title='bbox 1865 2516 1960 2572; x_wconf 85' lang='lat' dir='ltr'>tibi,</span> 
     </span>
     <span class='ocr_line' id='line_1_29' title="bbox 146 2597 1960 2658; baseline 0 -15"><span class='ocrx_word' id='word_1_210' title='bbox 146 2598 299 2644; x_wconf 78' lang='lat' dir='ltr'>debeo</span> <span class='ocrx_word' id='word_1_211' title='bbox 337 2599 596 2643; x_wconf 87' lang='lat' dir='ltr'>memoriae</span> <span class='ocrx_word' id='word_1_212' title='bbox 634 2597 793 2643; x_wconf 78' lang='lat' dir='ltr'>fratris</span> <span class='ocrx_word' id='word_1_213' title='bbox 832 2605 899 2643; x_wconf 91' lang='lat' dir='ltr'>tui</span> <span class='ocrx_word' id='word_1_214' title='bbox 937 2597 1059 2642; x_wconf 88' lang='lat' dir='ltr'>hanc</span> <span class='ocrx_word' id='word_1_215' title='bbox 1097 2597 1254 2653; x_wconf 86' lang='lat' dir='ltr'>fidem,</span> <span class='ocrx_word' id='word_1_216' title='bbox 1292 2597 1381 2642; x_wconf 94' lang='lat' dir='ltr'>hoc</span> <span class='ocrx_word' id='word_1_217' title='bbox 1416 2597 1643 2654; x_wconf 81' lang='lat' dir='ltr'>studium,</span> <span class='ocrx_word' id='word_1_218' title='bbox 1679 2598 1960 2658; x_wconf 90' lang='lat' dir='ltr'>praesertim</span> 
     </span>
     <span class='ocr_line' id='line_1_30' title="bbox 147 2678 1962 2741; baseline 0 -15"><span class='ocrx_word' id='word_1_219' title='bbox 147 2696 292 2741; x_wconf 89' lang='lat' dir='ltr'>super</span> <span class='ocrx_word' id='word_1_220' title='bbox 324 2688 458 2726; x_wconf 76' lang='lat' dir='ltr'>tanta</span> <span class='ocrx_word' id='word_1_221' title='bbox 489 2688 554 2726; x_wconf 78' lang='lat' dir='ltr'>re.</span> <span class='ocrx_word' id='word_1_222' title='bbox 617 2681 745 2726; x_wconf 90' lang='lat' dir='ltr'>Nam</span> <span class='ocrx_word' id='word_1_223' title='bbox 779 2681 893 2740; x_wconf 93' lang='lat' dir='ltr'>quid</span> <span class='ocrx_word' id='word_1_224' title='bbox 928 2680 1080 2740; x_wconf 85' lang='lat' dir='ltr'>magis</span> <span class='ocrx_word' id='word_1_225' title='bbox 1114 2680 1313 2725; x_wconf 90' lang='lat' dir='ltr'>interest</span> <span class='ocrx_word' id='word_1_226' title='bbox 1342 2678 1535 2726; x_wconf 75' lang='lat' dir='ltr'>vestra⁵</span> <span class='ocrx_word' id='word_1_227' title='bbox 1565 2696 1711 2740; x_wconf 89' lang='lat' dir='ltr'>quam</span> <span class='ocrx_word' id='word_1_228' title='bbox 1745 2689 1798 2726; x_wconf 91' lang='lat' dir='ltr'>ut</span> <span class='ocrx_word' id='word_1_229' title='bbox 1831 2681 1962 2726; x_wconf 88' lang='lat' dir='ltr'>liberi</span> 
     </span>
     <span class='ocr_line' id='line_1_31' title="bbox 147 2762 1962 2824; baseline 0.001 -16"><span class='ocrx_word' id='word_1_230' title='bbox 147 2764 275 2824; x_wconf 80' lang='lat' dir='ltr'>digni</span> <span class='ocrx_word' id='word_1_231' title='bbox 308 2762 411 2809; x_wconf 79' lang='lat' dir='ltr'>illo⁶</span> <span class='ocrx_word' id='word_1_232' title='bbox 441 2772 590 2824; x_wconf 86' lang='lat' dir='ltr'>patre,</span> <span class='ocrx_word' id='word_1_233' title='bbox 623 2771 670 2810; x_wconf 81' lang='lat' dir='ltr'>te</span> <span class='ocrx_word' id='word_1_234' title='bbox 702 2770 874 2824; x_wconf 88' lang='lat' dir='ltr'>patruo</span> <span class='ocrx_word' id='word_1_235' title='bbox 905 2763 1236 2823; x_wconf 87' lang='lat' dir='ltr'>reperiantur?</span> <span class='ocrx_word' id='word_1_236' title='bbox 1300 2764 1403 2809; x_wconf 89' lang='lat' dir='ltr'>Nec</span> <span class='ocrx_word' id='word_1_237' title='bbox 1433 2763 1601 2824; x_wconf 84' lang='lat' dir='ltr'>ignoro</span> <span class='ocrx_word' id='word_1_238' title='bbox 1633 2764 1962 2824; x_wconf 80' lang='lat' dir='ltr'>suscipiendas</span> 
     </span>
     <span class='ocr_line' id='line_1_32' title="bbox 147 2846 1962 2907; baseline 0 -15"><span class='ocrx_word' id='word_1_239' title='bbox 147 2846 356 2892; x_wconf 76' lang='lat' dir='ltr'>offensas</span> <span class='ocrx_word' id='word_1_240' title='bbox 377 2847 424 2891; x_wconf 90' lang='lat' dir='ltr'>in</span> <span class='ocrx_word' id='word_1_241' title='bbox 443 2847 663 2907; x_wconf 81' lang='lat' dir='ltr'>eligendo</span> <span class='ocrx_word' id='word_1_242' title='bbox 690 2853 1013 2907; x_wconf 87' lang='lat' dir='ltr'>praeceptore,</span> <span class='ocrx_word' id='word_1_243' title='bbox 1037 2847 1122 2891; x_wconf 86' lang='lat' dir='ltr'>sed</span> <span class='ocrx_word' id='word_1_244' title='bbox 1147 2854 1338 2906; x_wconf 90' lang='lat' dir='ltr'>oportet</span> <span class='ocrx_word' id='word_1_245' title='bbox 1357 2853 1435 2892; x_wconf 80' lang='lat' dir='ltr'>me</span> <span class='ocrx_word' id='word_1_246' title='bbox 1456 2853 1553 2891; x_wconf 90' lang='lat' dir='ltr'>non</span> <span class='ocrx_word' id='word_1_247' title='bbox 1579 2847 1724 2892; x_wconf 89' lang='lat' dir='ltr'>modo</span> <span class='ocrx_word' id='word_1_248' title='bbox 1750 2847 1962 2892; x_wconf 78' lang='lat' dir='ltr'>offensas</span> 
     </span>
     <span class='ocr_line' id='line_1_33' title="bbox 147 2929 1962 2990; baseline 0.001 -16"><span class='ocrx_word' id='word_1_249' title='bbox 147 2936 314 2974; x_wconf 80' lang='lat' dir='ltr'>verum</span> <span class='ocrx_word' id='word_1_250' title='bbox 334 2929 477 2974; x_wconf 89' lang='lat' dir='ltr'>etiam</span> <span class='ocrx_word' id='word_1_251' title='bbox 504 2930 770 2975; x_wconf 78' lang='lat' dir='ltr'>simultates</span> <span class='ocrx_word' id='word_1_252' title='bbox 797 2936 883 2989; x_wconf 93' lang='lat' dir='ltr'>pro</span> <span class='ocrx_word' id='word_1_253' title='bbox 910 2929 1069 2974; x_wconf 78' lang='lat' dir='ltr'>fratris</span> <span class='ocrx_word' id='word_1_254' title='bbox 1095 2936 1163 2974; x_wconf 91' lang='lat' dir='ltr'>tui</span> <span class='ocrx_word' id='word_1_255' title='bbox 1189 2929 1295 2974; x_wconf 82' lang='lat' dir='ltr'>filiis</span> <span class='ocrx_word' id='word_1_256' title='bbox 1322 2937 1420 2974; x_wconf 89' lang='lat' dir='ltr'>tam</span> <span class='ocrx_word' id='word_1_257' title='bbox 1441 2936 1596 2990; x_wconf 90' lang='lat' dir='ltr'>aequo</span> <span class='ocrx_word' id='word_1_258' title='bbox 1622 2930 1782 2975; x_wconf 88' lang='lat' dir='ltr'>animo</span> <span class='ocrx_word' id='word_1_259' title='bbox 1803 2930 1962 2976; x_wconf 91' lang='lat' dir='ltr'>subire</span> 
     </span>
     <span class='ocr_line' id='line_1_34' title="bbox 147 3008 1682 3073; baseline 0.001 -16"><span class='ocrx_word' id='word_1_260' title='bbox 147 3026 292 3072; x_wconf 89' lang='lat' dir='ltr'>quarn</span> <span class='ocrx_word' id='word_1_261' title='bbox 318 3019 543 3072; x_wconf 80' lang='lat' dir='ltr'>parentes</span> <span class='ocrx_word' id='word_1_262' title='bbox 569 3019 656 3073; x_wconf 90' lang='lat' dir='ltr'>pro</span> <span class='ocrx_word' id='word_1_263' title='bbox 684 3008 817 3058; x_wconf 83' lang='lat' dir='ltr'>suis.⁷</span> <span class='ocrx_word' id='word_1_264' title='bbox 867 3012 1003 3057; x_wconf 78' lang='lat' dir='ltr'>Vale.</span> <span class='ocrx_word' id='word_1_265' title='bbox 1021 3040 1089 3044; x_wconf 96' lang='lat'><strong>—</strong></span> <span class='ocrx_word' id='word_1_266' title='bbox 1107 3011 1271 3056; x_wconf 79' lang='lat' dir='ltr'><strong>PLINY</strong></span> <span class='ocrx_word' id='word_1_267' title='bbox 1297 3025 1401 3057; x_wconf 87' lang='lat' dir='ltr'>THE</span> <span class='ocrx_word' id='word_1_268' title='bbox 1423 3013 1682 3059; x_wconf 78' lang='lat' dir='ltr'>YOUNGER</span> 
     </span>
    </p>
   </div>
  </div>
 </body>
</html>
